%YAML 1.1
%TAG !u! tag:unity3d.com,2011:
--- !u!1 &2251441291341065265
GameObject:
  m_ObjectHideFlags: 0
  m_CorrespondingSourceObject: {fileID: 0}
  m_PrefabInstance: {fileID: 0}
  m_PrefabAsset: {fileID: 0}
  serializedVersion: 6
  m_Component:
  - component: {fileID: 2251441291341065270}
  - component: {fileID: 2251441291341065269}
  - component: {fileID: 2251441291341065268}
  - component: {fileID: 2251441291341065271}
  m_Layer: 9
  m_Name: Health
  m_TagString: Untagged
  m_Icon: {fileID: 0}
  m_NavMeshLayer: 0
  m_StaticEditorFlags: 0
  m_IsActive: 0
--- !u!224 &2251441291341065270
RectTransform:
  m_ObjectHideFlags: 0
  m_CorrespondingSourceObject: {fileID: 0}
  m_PrefabInstance: {fileID: 0}
  m_PrefabAsset: {fileID: 0}
  m_GameObject: {fileID: 2251441291341065265}
  m_LocalRotation: {x: -0, y: -1, z: -0, w: 0}
  m_LocalPosition: {x: 0, y: 0, z: 0}
  m_LocalScale: {x: 2, y: 2, z: 2}
  m_Children:
  - {fileID: 2251441292189205843}
  - {fileID: 2251441292594633596}
  m_Father: {fileID: 2251441292264211092}
  m_RootOrder: 0
  m_LocalEulerAnglesHint: {x: 0, y: 0, z: 0}
  m_AnchorMin: {x: 0, y: 0}
  m_AnchorMax: {x: 0, y: 0}
  m_AnchoredPosition: {x: -0.34, y: 5.85}
  m_SizeDelta: {x: 5.88, y: 1.517}
  m_Pivot: {x: 0.5, y: 0.5}
--- !u!223 &2251441291341065269
Canvas:
  m_ObjectHideFlags: 0
  m_CorrespondingSourceObject: {fileID: 0}
  m_PrefabInstance: {fileID: 0}
  m_PrefabAsset: {fileID: 0}
  m_GameObject: {fileID: 2251441291341065265}
  m_Enabled: 1
  serializedVersion: 3
  m_RenderMode: 2
  m_Camera: {fileID: 0}
  m_PlaneDistance: 100
  m_PixelPerfect: 0
  m_ReceivesEvents: 1
  m_OverrideSorting: 0
  m_OverridePixelPerfect: 0
  m_SortingBucketNormalizedSize: 0
  m_AdditionalShaderChannelsFlag: 0
  m_SortingLayerID: 0
  m_SortingOrder: 99
  m_TargetDisplay: 0
--- !u!114 &2251441291341065268
MonoBehaviour:
  m_ObjectHideFlags: 0
  m_CorrespondingSourceObject: {fileID: 0}
  m_PrefabInstance: {fileID: 0}
  m_PrefabAsset: {fileID: 0}
  m_GameObject: {fileID: 2251441291341065265}
  m_Enabled: 1
  m_EditorHideFlags: 0
  m_Script: {fileID: 11500000, guid: 0cd44c1031e13a943bb63640046fad76, type: 3}
  m_Name: 
  m_EditorClassIdentifier: 
  m_UiScaleMode: 0
  m_ReferencePixelsPerUnit: 100
  m_ScaleFactor: 1
  m_ReferenceResolution: {x: 800, y: 600}
  m_ScreenMatchMode: 0
  m_MatchWidthOrHeight: 0
  m_PhysicalUnit: 3
  m_FallbackScreenDPI: 96
  m_DefaultSpriteDPI: 96
  m_DynamicPixelsPerUnit: 1
  m_PresetInfoIsWorld: 1
--- !u!114 &2251441291341065271
MonoBehaviour:
  m_ObjectHideFlags: 0
  m_CorrespondingSourceObject: {fileID: 0}
  m_PrefabInstance: {fileID: 0}
  m_PrefabAsset: {fileID: 0}
  m_GameObject: {fileID: 2251441291341065265}
  m_Enabled: 1
  m_EditorHideFlags: 0
  m_Script: {fileID: 11500000, guid: dc42784cf147c0c48a680349fa168899, type: 3}
  m_Name: 
  m_EditorClassIdentifier: 
  m_IgnoreReversedGraphics: 1
  m_BlockingObjects: 0
  m_BlockingMask:
    serializedVersion: 2
    m_Bits: 311
--- !u!1 &2251441292189205842
GameObject:
  m_ObjectHideFlags: 0
  m_CorrespondingSourceObject: {fileID: 0}
  m_PrefabInstance: {fileID: 0}
  m_PrefabAsset: {fileID: 0}
  serializedVersion: 6
  m_Component:
  - component: {fileID: 2251441292189205843}
  - component: {fileID: 2251441292189205841}
  - component: {fileID: 2251441292189205840}
  m_Layer: 9
  m_Name: Img Health
  m_TagString: Untagged
  m_Icon: {fileID: 0}
  m_NavMeshLayer: 0
  m_StaticEditorFlags: 0
  m_IsActive: 1
--- !u!224 &2251441292189205843
RectTransform:
  m_ObjectHideFlags: 0
  m_CorrespondingSourceObject: {fileID: 0}
  m_PrefabInstance: {fileID: 0}
  m_PrefabAsset: {fileID: 0}
  m_GameObject: {fileID: 2251441292189205842}
  m_LocalRotation: {x: 0, y: 0, z: 0, w: 1}
  m_LocalPosition: {x: 0, y: 0, z: 0}
  m_LocalScale: {x: 1, y: 1, z: 1}
  m_Children: []
  m_Father: {fileID: 2251441291341065270}
  m_RootOrder: 0
  m_LocalEulerAnglesHint: {x: 0, y: 0, z: 0}
  m_AnchorMin: {x: 0, y: 0}
  m_AnchorMax: {x: 1, y: 1}
  m_AnchoredPosition: {x: 0, y: 0}
  m_SizeDelta: {x: 0, y: 0}
  m_Pivot: {x: 0.5, y: 0.5}
--- !u!222 &2251441292189205841
CanvasRenderer:
  m_ObjectHideFlags: 0
  m_CorrespondingSourceObject: {fileID: 0}
  m_PrefabInstance: {fileID: 0}
  m_PrefabAsset: {fileID: 0}
  m_GameObject: {fileID: 2251441292189205842}
  m_CullTransparentMesh: 1
--- !u!114 &2251441292189205840
MonoBehaviour:
  m_ObjectHideFlags: 0
  m_CorrespondingSourceObject: {fileID: 0}
  m_PrefabInstance: {fileID: 0}
  m_PrefabAsset: {fileID: 0}
  m_GameObject: {fileID: 2251441292189205842}
  m_Enabled: 1
  m_EditorHideFlags: 0
  m_Script: {fileID: 11500000, guid: fe87c0e1cc204ed48ad3b37840f39efc, type: 3}
  m_Name: 
  m_EditorClassIdentifier: 
  m_Material: {fileID: 0}
  m_Color: {r: 1, g: 1, b: 1, a: 1}
  m_RaycastTarget: 0
  m_RaycastPadding: {x: 0, y: 0, z: 0, w: 0}
  m_Maskable: 1
  m_OnCullStateChanged:
    m_PersistentCalls:
      m_Calls: []
  m_Sprite: {fileID: 21300000, guid: 1f9e2f7986946274791e1144de57bef1, type: 3}
  m_Type: 0
  m_PreserveAspect: 0
  m_FillCenter: 1
  m_FillMethod: 4
  m_FillAmount: 1
  m_FillClockwise: 1
  m_FillOrigin: 0
  m_UseSpriteMesh: 0
  m_PixelsPerUnitMultiplier: 1
--- !u!1 &2251441292264211095
GameObject:
  m_ObjectHideFlags: 0
  m_CorrespondingSourceObject: {fileID: 0}
  m_PrefabInstance: {fileID: 0}
  m_PrefabAsset: {fileID: 0}
  serializedVersion: 6
  m_Component:
  - component: {fileID: 2251441292264211092}
  - component: {fileID: 2251441292264211093}
  - component: {fileID: 2251441292264211051}
  - component: {fileID: 1359608528976022339}
  - component: {fileID: 2219874671578690966}
  m_Layer: 9
  m_Name: Boss Anubis
  m_TagString: Boss
  m_Icon: {fileID: 0}
  m_NavMeshLayer: 0
  m_StaticEditorFlags: 0
  m_IsActive: 1
--- !u!4 &2251441292264211092
Transform:
  m_ObjectHideFlags: 0
  m_CorrespondingSourceObject: {fileID: 0}
  m_PrefabInstance: {fileID: 0}
  m_PrefabAsset: {fileID: 0}
  m_GameObject: {fileID: 2251441292264211095}
  m_LocalRotation: {x: 0, y: 1, z: 0, w: 0}
  m_LocalPosition: {x: 5.43, y: 2.276, z: -0.01}
  m_LocalScale: {x: 0.5, y: 0.5, z: 0.5}
  m_Children:
  - {fileID: 2251441291341065270}
  - {fileID: 3517358895004857502}
  - {fileID: 7582343404571951852}
  m_Father: {fileID: 0}
  m_RootOrder: 0
  m_LocalEulerAnglesHint: {x: 0, y: 180, z: 0}
--- !u!212 &2251441292264211093
SpriteRenderer:
  m_ObjectHideFlags: 0
  m_CorrespondingSourceObject: {fileID: 0}
  m_PrefabInstance: {fileID: 0}
  m_PrefabAsset: {fileID: 0}
  m_GameObject: {fileID: 2251441292264211095}
  m_Enabled: 1
  m_CastShadows: 0
  m_ReceiveShadows: 0
  m_DynamicOccludee: 1
  m_MotionVectors: 1
  m_LightProbeUsage: 1
  m_ReflectionProbeUsage: 1
  m_RayTracingMode: 0
  m_RayTraceProcedural: 0
  m_RenderingLayerMask: 1
  m_RendererPriority: 0
  m_Materials:
  - {fileID: 10754, guid: 0000000000000000f000000000000000, type: 0}
  m_StaticBatchInfo:
    firstSubMesh: 0
    subMeshCount: 0
  m_StaticBatchRoot: {fileID: 0}
  m_ProbeAnchor: {fileID: 0}
  m_LightProbeVolumeOverride: {fileID: 0}
  m_ScaleInLightmap: 1
  m_ReceiveGI: 1
  m_PreserveUVs: 0
  m_IgnoreNormalsForChartDetection: 0
  m_ImportantGI: 0
  m_StitchLightmapSeams: 1
  m_SelectedEditorRenderState: 0
  m_MinimumChartSize: 4
  m_AutoUVMaxDistance: 0.5
  m_AutoUVMaxAngle: 89
  m_LightmapParameters: {fileID: 0}
  m_SortingLayerID: 0
  m_SortingLayer: 0
  m_SortingOrder: 16
  m_Sprite: {fileID: 21300000, guid: ca881a9ad2a562c4a81b2e51cedca6f5, type: 3}
  m_Color: {r: 1, g: 1, b: 1, a: 1}
  m_FlipX: 0
  m_FlipY: 0
  m_DrawMode: 0
  m_Size: {x: 8.68, y: 11.241845}
  m_AdaptiveModeThreshold: 0.5
  m_SpriteTileMode: 0
  m_WasSpriteAssigned: 1
  m_MaskInteraction: 0
  m_SpriteSortPoint: 0
--- !u!95 &2251441292264211051
Animator:
  serializedVersion: 3
  m_ObjectHideFlags: 0
  m_CorrespondingSourceObject: {fileID: 0}
  m_PrefabInstance: {fileID: 0}
  m_PrefabAsset: {fileID: 0}
  m_GameObject: {fileID: 2251441292264211095}
  m_Enabled: 1
  m_Avatar: {fileID: 0}
  m_Controller: {fileID: 9100000, guid: 899cccb59c7024b46adfceda40966e38, type: 2}
  m_CullingMode: 0
  m_UpdateMode: 0
  m_ApplyRootMotion: 0
  m_LinearVelocityBlending: 0
  m_WarningMessage: 
  m_HasTransformHierarchy: 1
  m_AllowConstantClipSamplingOptimization: 1
  m_KeepAnimatorControllerStateOnDisable: 0
--- !u!60 &1359608528976022339
PolygonCollider2D:
  m_ObjectHideFlags: 0
  m_CorrespondingSourceObject: {fileID: 0}
  m_PrefabInstance: {fileID: 0}
  m_PrefabAsset: {fileID: 0}
  m_GameObject: {fileID: 2251441292264211095}
  m_Enabled: 1
  m_Density: 1
  m_Material: {fileID: 0}
  m_IsTrigger: 0
  m_UsedByEffector: 0
  m_UsedByComposite: 0
  m_Offset: {x: 0, y: 0}
  m_SpriteTilingProperty:
    border: {x: 0, y: 0, z: 0, w: 0}
    pivot: {x: 0.5, y: 0.5}
    oldSize: {x: 19.2, y: 15.38}
    newSize: {x: 8.68, y: 11.241845}
    adaptiveTilingThreshold: 0.5
    drawMode: 0
    adaptiveTiling: 0
  m_AutoTiling: 0
  m_Points:
    m_Paths:
    - - {x: 0.52, y: -5.0699997}
      - {x: 0.53999996, y: -4.98}
      - {x: 0.53999996, y: -4.73}
      - {x: 0.52, y: -4.58}
      - {x: 0.47, y: -4.41}
      - {x: 0.52, y: -4.31}
      - {x: 0.55, y: -4.19}
      - {x: 0.61, y: -4.02}
      - {x: 0.61, y: -3.99}
      - {x: 0.59, y: -3.9599998}
      - {x: 0.5, y: -3.9199998}
      - {x: 0.53, y: -3.85}
      - {x: 0.58, y: -3.9199998}
      - {x: 0.65, y: -4.04}
      - {x: 0.68, y: -4.0699997}
      - {x: 0.72999996, y: -4.16}
      - {x: 0.76, y: -4.19}
      - {x: 0.81, y: -4.2799997}
      - {x: 1.15, y: -4.79}
      - {x: 1.17, y: -4.7999997}
      - {x: 1.17, y: -4.99}
      - {x: 1.18, y: -5}
      - {x: 1.18, y: -5.31}
      - {x: 1.1999999, y: -5.33}
      - {x: 1.5, y: -5.33}
      - {x: 1.53, y: -5.31}
      - {x: 1.5699999, y: -5.19}
      - {x: 1.5899999, y: -5.04}
      - {x: 1.65, y: -4.87}
      - {x: 2.06, y: -4.77}
      - {x: 2.22, y: -4.72}
      - {x: 2.22, y: -4.8399997}
      - {x: 2.23, y: -4.94}
      - {x: 2.25, y: -5.04}
      - {x: 2.32, y: -5.21}
      - {x: 2.33, y: -5.3599997}
      - {x: 2.36, y: -5.37}
      - {x: 3.02, y: -5.37}
      - {x: 3.03, y: -5.3599997}
      - {x: 3.58, y: -5.3599997}
      - {x: 3.59, y: -5.35}
      - {x: 4.3199997, y: -5.35}
      - {x: 4.43, y: -5.3399997}
      - {x: 4.46, y: -5.2999997}
      - {x: 4.46, y: -5.04}
      - {x: 4.44, y: -4.94}
      - {x: 4.4, y: -4.83}
      - {x: 4.33, y: -4.68}
      - {x: 4.2599998, y: -4.58}
      - {x: 4.17, y: -4.48}
      - {x: 4.06, y: -4.39}
      - {x: 3.85, y: -4.29}
      - {x: 3.81, y: -4.27}
      - {x: 3.6999998, y: -4.25}
      - {x: 3.36, y: -4.25}
      - {x: 3.32, y: -4.14}
      - {x: 3.29, y: -4.06}
      - {x: 3.1, y: -3.54}
      - {x: 3.06, y: -3.48}
      - {x: 2.9399998, y: -3.52}
      - {x: 2.9099998, y: -3.4299998}
      - {x: 2.83, y: -3.21}
      - {x: 2.8, y: -3.1299999}
      - {x: 2.78, y: -3.08}
      - {x: 2.9199998, y: -3.03}
      - {x: 2.95, y: -2.96}
      - {x: 2.9199998, y: -2.8899999}
      - {x: 2.8999999, y: -2.75}
      - {x: 2.8799999, y: -2.6399999}
      - {x: 2.82, y: -2.33}
      - {x: 3, y: -2.32}
      - {x: 3.06, y: -2.3}
      - {x: 3.1299999, y: -2.24}
      - {x: 3.22, y: -2.1599998}
      - {x: 3.3, y: -2.05}
      - {x: 3.3799999, y: -1.48}
      - {x: 3.3999999, y: -1.41}
      - {x: 3.3799999, y: -1.28}
      - {x: 3.33, y: -1.18}
      - {x: 3.36, y: -1.04}
      - {x: 3.3799999, y: -0.87}
      - {x: 3.4299998, y: -0.42}
      - {x: 3.4299998, y: -0.26}
      - {x: 3.4099998, y: -0.17999999}
      - {x: 3.3799999, y: -0.11}
      - {x: 3.33, y: -0.04}
      - {x: 3.26, y: 0.03}
      - {x: 3.31, y: 0.25}
      - {x: 3.46, y: 0.52}
      - {x: 3.61, y: 0.76}
      - {x: 3.72, y: 0.91999996}
      - {x: 3.98, y: 1.2099999}
      - {x: 3.97, y: 1.3199999}
      - {x: 3.99, y: 1.3399999}
      - {x: 3.98, y: 1.4399999}
      - {x: 3.9299998, y: 1.5999999}
      - {x: 3.87, y: 1.8199999}
      - {x: 3.81, y: 1.9}
      - {x: 3.74, y: 2.18}
      - {x: 3.7099998, y: 2.24}
      - {x: 3.72, y: 2.29}
      - {x: 3.7099998, y: 2.3799999}
      - {x: 3.54, y: 2.47}
      - {x: 3.47, y: 2.6499999}
      - {x: 3.4499998, y: 2.75}
      - {x: 3.4399998, y: 2.77}
      - {x: 3.4299998, y: 3.02}
      - {x: 3.3999999, y: 3.1}
      - {x: 3.4099998, y: 3.1499999}
      - {x: 3.3999999, y: 3.1999998}
      - {x: 3.33, y: 3.37}
      - {x: 3.3, y: 3.4399998}
      - {x: 3.24, y: 3.61}
      - {x: 3.1699998, y: 3.6699998}
      - {x: 2.99, y: 4}
      - {x: 3, y: 4.02}
      - {x: 2.95, y: 4.1}
      - {x: 2.9199998, y: 4.15}
      - {x: 2.9399998, y: 4.39}
      - {x: 2.95, y: 4.54}
      - {x: 2.96, y: 4.75}
      - {x: 2.96, y: 5.1099997}
      - {x: 2.95, y: 5.21}
      - {x: 2.9299998, y: 5.23}
      - {x: 2.84, y: 5.23}
      - {x: 2.73, y: 5.21}
      - {x: 2.6599998, y: 5.19}
      - {x: 2.52, y: 5.14}
      - {x: 2.3, y: 5.0299997}
      - {x: 2.18, y: 4.95}
      - {x: 2.09, y: 4.88}
      - {x: 1.89, y: 4.69}
      - {x: 1.78, y: 4.56}
      - {x: 1.6999999, y: 4.58}
      - {x: 1.5899999, y: 4.62}
      - {x: 1.51, y: 4.62}
      - {x: 1.25, y: 4.61}
      - {x: 1.1, y: 4.5899997}
      - {x: 0.93, y: 4.5499997}
      - {x: 0.84999996, y: 4.52}
      - {x: 0.64, y: 4.8199997}
      - {x: 0.51, y: 5.1099997}
      - {x: 0.48999998, y: 5.18}
      - {x: 0.45, y: 5.35}
      - {x: 0.38, y: 5.42}
      - {x: 0.35, y: 5.44}
      - {x: 0.31, y: 5.44}
      - {x: 0.25, y: 5.42}
      - {x: 0.21, y: 5.38}
      - {x: 0.17, y: 5.29}
      - {x: 0.08, y: 4.94}
      - {x: 0.049999997, y: 4.8199997}
      - {x: 0, y: 4.58}
      - {x: -0.02, y: 4.46}
      - {x: -0.04, y: 4.29}
      - {x: -0.04, y: 3.99}
      - {x: -0.06, y: 3.9099998}
      - {x: -0.11, y: 3.79}
      - {x: -0.28, y: 3.36}
      - {x: -0.34, y: 3.1999998}
      - {x: -0.48999998, y: 2.72}
      - {x: -0.55, y: 2.52}
      - {x: -0.66999996, y: 2.04}
      - {x: -0.7, y: 1.9}
      - {x: -0.74, y: 1.6999999}
      - {x: -0.75, y: 1.64}
      - {x: -0.75, y: 1.56}
      - {x: -0.57, y: 1.37}
      - {x: -0.39, y: 1.14}
      - {x: -0.22999999, y: 0.9}
      - {x: -0.14999999, y: 0.76}
      - {x: -0.17, y: 0.72999996}
      - {x: -0.19, y: 0.63}
      - {x: -0.26999998, y: 0.08}
      - {x: -0.45, y: -0.14999999}
      - {x: -0.51, y: -0.22999999}
      - {x: -0.66999996, y: -0.45}
      - {x: -0.69, y: -0.47}
      - {x: -0.71, y: -0.53}
      - {x: -0.82, y: -0.41}
      - {x: -0.93, y: -0.37}
      - {x: -1.06, y: -0.35999998}
      - {x: -1.17, y: -0.35}
      - {x: -1.27, y: -0.42}
      - {x: -1.3, y: -0.41}
      - {x: -1.9799999, y: 0.61}
      - {x: -2.07, y: 0.75}
      - {x: -2.28, y: 1.05}
      - {x: -2.37, y: 1.1999999}
      - {x: -3.23, y: 2.49}
      - {x: -3.3, y: 2.6}
      - {x: -4.2, y: 3.9499998}
      - {x: -4.27, y: 4.0299997}
      - {x: -4.2999997, y: 4.0299997}
      - {x: -4.41, y: 4.0099998}
      - {x: -4.5099998, y: 4}
      - {x: -4.62, y: 3.99}
      - {x: -4.8199997, y: 3.97}
      - {x: -4.9, y: 3.9599998}
      - {x: -4.8399997, y: 4.08}
      - {x: -4.71, y: 4.31}
      - {x: -4.61, y: 4.46}
      - {x: -4.42, y: 4.71}
      - {x: -4.4, y: 4.7599998}
      - {x: -4.43, y: 4.7999997}
      - {x: -4.5699997, y: 4.79}
      - {x: -4.71, y: 4.75}
      - {x: -4.81, y: 4.71}
      - {x: -4.94, y: 4.65}
      - {x: -5.0299997, y: 4.5899997}
      - {x: -5.2, y: 4.43}
      - {x: -5.31, y: 4.31}
      - {x: -5.4, y: 4.18}
      - {x: -5.45, y: 4.0899997}
      - {x: -5.5699997, y: 3.84}
      - {x: -5.5899997, y: 3.76}
      - {x: -5.5899997, y: 3.3799999}
      - {x: -5.5699997, y: 3.3}
      - {x: -5.5499997, y: 3.23}
      - {x: -5.5099998, y: 3.1299999}
      - {x: -5.46, y: 3.02}
      - {x: -5.41, y: 2.9399998}
      - {x: -5.24, y: 2.77}
      - {x: -5.16, y: 2.71}
      - {x: -5.13, y: 2.7}
      - {x: -5.1, y: 2.71}
      - {x: -5.1099997, y: 2.8}
      - {x: -5.15, y: 2.9299998}
      - {x: -5.16, y: 3.1799998}
      - {x: -5.15, y: 3.1899998}
      - {x: -5.0899997, y: 3.53}
      - {x: -5.0099998, y: 3.6899998}
      - {x: -4.8599997, y: 3.6999998}
      - {x: -4.7799997, y: 3.72}
      - {x: -4.6, y: 3.74}
      - {x: -4.5, y: 3.7099998}
      - {x: -4.36, y: 3.5}
      - {x: -4.1, y: 3.12}
      - {x: -3.9499998, y: 2.8799999}
      - {x: -3.6499999, y: 2.4299998}
      - {x: -3.62, y: 2.3999999}
      - {x: -3.57, y: 2.31}
      - {x: -3.09, y: 1.5899999}
      - {x: -2.81, y: 1.18}
      - {x: -2.6599998, y: 0.94}
      - {x: -1.9, y: -0.19999999}
      - {x: -1.75, y: -0.42999998}
      - {x: -1.6999999, y: -0.5}
      - {x: -1.49, y: -0.82}
      - {x: -1.43, y: -0.9}
      - {x: -1.53, y: -0.94}
      - {x: -1.5999999, y: -0.98999995}
      - {x: -1.62, y: -1.01}
      - {x: -1.66, y: -1.11}
      - {x: -1.64, y: -1.22}
      - {x: -1.5699999, y: -1.29}
      - {x: -1.4699999, y: -1.36}
      - {x: -1.4699999, y: -1.51}
      - {x: -1.38, y: -1.61}
      - {x: -1.25, y: -1.68}
      - {x: -1.26, y: -1.7099999}
      - {x: -1.17, y: -1.8299999}
      - {x: -1.01, y: -1.92}
      - {x: -0.97999996, y: -1.93}
      - {x: -0.90999997, y: -1.9399999}
      - {x: -0.77, y: -1.91}
      - {x: -0.66999996, y: -2.05}
      - {x: -0.5, y: -2.31}
      - {x: -0.099999994, y: -2.9099998}
      - {x: -0.06, y: -2.95}
      - {x: -0.06, y: -3.08}
      - {x: -0.04, y: -3.1}
      - {x: -0.01, y: -3.1}
      - {x: -0.04, y: -3.1699998}
      - {x: -0.099999994, y: -3.34}
      - {x: -0.16, y: -3.47}
      - {x: -0.17999999, y: -3.56}
      - {x: -0.31, y: -3.5}
      - {x: -0.37, y: -3.6299999}
      - {x: -0.39999998, y: -3.75}
      - {x: -0.59, y: -4.2799997}
      - {x: -0.71, y: -4.2799997}
      - {x: -0.96, y: -4.29}
      - {x: -1.06, y: -4.2999997}
      - {x: -1.23, y: -4.37}
      - {x: -1.36, y: -4.47}
      - {x: -1.48, y: -4.6}
      - {x: -1.54, y: -4.67}
      - {x: -1.63, y: -4.85}
      - {x: -1.66, y: -4.93}
      - {x: -1.68, y: -5.0099998}
      - {x: -1.6899999, y: -5.0699997}
      - {x: -1.6899999, y: -5.2999997}
      - {x: -1.68, y: -5.35}
      - {x: -1.66, y: -5.37}
      - {x: -1.37, y: -5.38}
      - {x: -0.64, y: -5.38}
      - {x: -0.63, y: -5.39}
      - {x: -0.08, y: -5.39}
      - {x: -0.07, y: -5.4}
      - {x: 0.39999998, y: -5.4}
      - {x: 0.44, y: -5.35}
      - {x: 0.44, y: -5.23}
    - - {x: 1.9699999, y: -4.63}
      - {x: 1.9, y: -4.61}
      - {x: 1.75, y: -4.5699997}
      - {x: 1.5799999, y: -4.48}
      - {x: 1.55, y: -4.46}
      - {x: 1.5, y: -4.42}
      - {x: 1.41, y: -4.36}
      - {x: 1.36, y: -4.3199997}
      - {x: 1.35, y: -4.3199997}
      - {x: 1.1999999, y: -4.17}
      - {x: 1.1999999, y: -4.16}
      - {x: 1.16, y: -4.11}
      - {x: 1.14, y: -4.0699997}
      - {x: 1.1, y: -4.0099998}
      - {x: 0.96, y: -3.81}
      - {x: 0.9, y: -3.7099998}
      - {x: 0.79999995, y: -3.57}
      - {x: 0.78999996, y: -3.54}
      - {x: 0.71999997, y: -3.4499998}
      - {x: 0.7, y: -3.4099998}
      - {x: 0.72999996, y: -3.35}
      - {x: 0.77, y: -3.23}
      - {x: 0.78, y: -3.1799998}
      - {x: 0.78, y: -3.02}
      - {x: 0.77, y: -2.98}
      - {x: 0.85999995, y: -2.95}
      - {x: 1.02, y: -2.8899999}
      - {x: 1.12, y: -2.85}
      - {x: 1.1899999, y: -2.82}
      - {x: 1.28, y: -2.78}
      - {x: 1.3399999, y: -2.75}
      - {x: 1.39, y: -2.78}
      - {x: 1.49, y: -2.82}
      - {x: 1.6999999, y: -2.8899999}
      - {x: 1.8399999, y: -2.9299998}
      - {x: 1.9599999, y: -2.96}
      - {x: 1.99, y: -2.96}
      - {x: 1.9799999, y: -3.01}
      - {x: 1.9799999, y: -3.1399999}
      - {x: 1.99, y: -3.1899998}
      - {x: 2.01, y: -3.26}
      - {x: 2.03, y: -3.29}
      - {x: 2.05, y: -3.37}
      - {x: 2.08, y: -3.4499998}
      - {x: 2.1, y: -3.48}
      - {x: 2.12, y: -3.56}
      - {x: 2.1399999, y: -3.59}
      - {x: 2.1599998, y: -3.6699998}
      - {x: 2.18, y: -3.6999998}
      - {x: 2.2, y: -3.78}
      - {x: 2.25, y: -3.8899999}
      - {x: 2.1599998, y: -3.9299998}
      - {x: 2.1399999, y: -3.9599998}
      - {x: 2.1399999, y: -3.99}
      - {x: 2.1599998, y: -4.0499997}
      - {x: 2.18, y: -4.08}
      - {x: 2.2, y: -4.16}
      - {x: 2.22, y: -4.21}
      - {x: 2.24, y: -4.27}
      - {x: 2.27, y: -4.35}
      - {x: 2.28, y: -4.4}
      - {x: 2.27, y: -4.43}
      - {x: 2.25, y: -4.45}
      - {x: 2.24, y: -4.52}
      - {x: 2.23, y: -4.56}
      - {x: 2.22, y: -4.62}
      - {x: 2.22, y: -4.65}
      - {x: 2.05, y: -4.65}
      - {x: 2.04, y: -4.64}
    - - {x: 0.01, y: -2.3799999}
      - {x: -0.01, y: -2.36}
      - {x: -0.01, y: -2.35}
      - {x: -0.03, y: -2.33}
      - {x: -0.03, y: -2.32}
      - {x: -0.049999997, y: -2.3}
      - {x: -0.049999997, y: -2.29}
      - {x: -0.07, y: -2.27}
      - {x: -0.07, y: -2.26}
      - {x: -0.089999996, y: -2.24}
      - {x: -0.089999996, y: -2.23}
      - {x: -0.11, y: -2.21}
      - {x: -0.11, y: -2.2}
      - {x: -0.13, y: -2.18}
      - {x: -0.13, y: -2.1699998}
      - {x: -0.14999999, y: -2.1499999}
      - {x: -0.14999999, y: -2.1399999}
      - {x: -0.21, y: -2.06}
      - {x: -0.22, y: -2.02}
      - {x: -0.25, y: -1.99}
      - {x: -0.28, y: -1.93}
      - {x: -0.31, y: -1.91}
      - {x: -0.31, y: -1.9}
      - {x: -0.32999998, y: -1.88}
      - {x: -0.32999998, y: -1.87}
      - {x: -0.35, y: -1.8499999}
      - {x: -0.35, y: -1.8399999}
      - {x: -0.37, y: -1.8199999}
      - {x: -0.37, y: -1.81}
      - {x: -0.39, y: -1.79}
      - {x: -0.39, y: -1.78}
      - {x: -0.41, y: -1.76}
      - {x: -0.41, y: -1.75}
      - {x: -0.42999998, y: -1.7199999}
      - {x: -0.44, y: -1.6899999}
      - {x: -0.47, y: -1.67}
      - {x: -0.45, y: -1.65}
      - {x: -0.44, y: -1.62}
      - {x: -0.42, y: -1.5899999}
      - {x: -0.42, y: -1.5799999}
      - {x: -0.39999998, y: -1.56}
      - {x: -0.39999998, y: -1.55}
      - {x: -0.38, y: -1.53}
      - {x: -0.38, y: -1.52}
      - {x: -0.35999998, y: -1.5}
      - {x: -0.35999998, y: -1.49}
      - {x: -0.29999998, y: -1.41}
      - {x: -0.29, y: -1.39}
      - {x: -0.26999998, y: -1.37}
      - {x: -0.25, y: -1.3199999}
      - {x: -0.25, y: -1.3}
      - {x: -0.24, y: -1.29}
      - {x: -0.24, y: -1.2099999}
      - {x: -0.22, y: -1.2099999}
      - {x: -0.14999999, y: -1.14}
      - {x: -0.14999999, y: -1.13}
      - {x: -0.11, y: -1.09}
      - {x: -0.11, y: -1.0799999}
      - {x: -0.08, y: -1.05}
      - {x: -0.08, y: -1.04}
      - {x: -0.04, y: -1}
      - {x: -0.04, y: -0.98999995}
      - {x: 0.03, y: -0.90999997}
      - {x: 0.04, y: -0.87}
      - {x: 0.07, y: -0.84}
      - {x: 0.07, y: -0.83}
      - {x: 0.099999994, y: -0.79999995}
      - {x: 0.099999994, y: -0.78999996}
      - {x: 0.14, y: -0.75}
      - {x: 0.14, y: -0.74}
      - {x: 0.17, y: -0.71}
      - {x: 0.17, y: -0.7}
      - {x: 0.19999999, y: -0.66999996}
      - {x: 0.19999999, y: -0.65999997}
      - {x: 0.22999999, y: -0.63}
      - {x: 0.22999999, y: -0.62}
      - {x: 0.29, y: -0.56}
      - {x: 0.32999998, y: -0.47}
      - {x: 0.32999998, y: -0.45}
      - {x: 0.35, y: -0.41}
      - {x: 0.34, y: -0.38}
      - {x: 0.32999998, y: -0.5}
      - {x: 0.32, y: -0.51}
      - {x: 0.32, y: -0.59999996}
      - {x: 0.29999998, y: -0.62}
      - {x: 0.29999998, y: -1.2099999}
      - {x: 0.28, y: -1.24}
      - {x: 0.28, y: -1.28}
      - {x: 0.25, y: -1.3399999}
      - {x: 0.25, y: -1.36}
      - {x: 0.24, y: -1.37}
      - {x: 0.24, y: -1.39}
      - {x: 0.22999999, y: -1.4}
      - {x: 0.22999999, y: -1.42}
      - {x: 0.22, y: -1.43}
      - {x: 0.22, y: -1.4499999}
      - {x: 0.21, y: -1.4599999}
      - {x: 0.21, y: -1.48}
      - {x: 0.19999999, y: -1.49}
      - {x: 0.19999999, y: -1.51}
      - {x: 0.17999999, y: -1.55}
      - {x: 0.17999999, y: -1.5799999}
      - {x: 0.17, y: -1.5899999}
      - {x: 0.17, y: -1.61}
      - {x: 0.14999999, y: -1.65}
      - {x: 0.14, y: -1.7199999}
      - {x: 0.12, y: -1.76}
      - {x: 0.12, y: -1.79}
      - {x: 0.11, y: -1.8}
      - {x: 0.11, y: -1.8299999}
      - {x: 0.099999994, y: -1.8399999}
      - {x: 0.099999994, y: -1.87}
      - {x: 0.089999996, y: -1.88}
      - {x: 0.089999996, y: -1.92}
      - {x: 0.08, y: -1.93}
      - {x: 0.08, y: -1.9599999}
      - {x: 0.07, y: -1.9699999}
      - {x: 0.07, y: -2.01}
      - {x: 0.06, y: -2.02}
      - {x: 0.06, y: -2.05}
      - {x: 0.049999997, y: -2.06}
      - {x: 0.049999997, y: -2.1}
      - {x: 0.04, y: -2.11}
      - {x: 0.04, y: -2.1599998}
      - {x: 0.03, y: -2.1699998}
      - {x: 0.03, y: -2.21}
      - {x: 0.02, y: -2.22}
      - {x: 0.02, y: -2.27}
      - {x: 0.01, y: -2.28}
      - {x: 0.01, y: -2.33}
      - {x: 0, y: -2.34}
      - {x: 0, y: -2.37}
      - {x: 0.01, y: -2.3899999}
--- !u!114 &2219874671578690966
MonoBehaviour:
  m_ObjectHideFlags: 0
  m_CorrespondingSourceObject: {fileID: 0}
  m_PrefabInstance: {fileID: 0}
  m_PrefabAsset: {fileID: 0}
  m_GameObject: {fileID: 2251441292264211095}
  m_Enabled: 1
  m_EditorHideFlags: 0
  m_Script: {fileID: 11500000, guid: f48f4b478e2ac4746b267eb37d7108ca, type: 3}
  m_Name: 
  m_EditorClassIdentifier: 
  m_ClipAppear: {fileID: 0}
  m_ClipMove: {fileID: 0}
  m_ClipDispute: {fileID: 0}
  m_ClipDie: {fileID: 0}
  resource: {fileID: 0}
  icSnakeCrawl: {fileID: 0}
  snakeCanCrawl: 0
  minX: -6.26
  maxX: 14.5
  moveSpeed: 0.5
  idleTime: 2
  rewards:
  - treasure: {fileID: 11400000, guid: e6e3cc94169356642a9eb3f67ffdd584, type: 2}
    drop: 5
  - treasure: {fileID: 11400000, guid: bb40bf789a825d94f80c8d9cde6ec48e, type: 2}
    drop: 50
  - treasure: {fileID: 0}
    drop: 45
  resourceLayerMask:
    serializedVersion: 2
    m_Bits: 256
  treasurePrefab: {fileID: 2520790728978832728, guid: 86ab52b4a6ff10c4bb3da6b8e9f2b309,
    type: 3}
  bulletLokiPrefab: {fileID: 0}
  cvHealth: {fileID: 2251441291341065269}
  imgFill: {fileID: 2251441292594633597}
  maxHp: 18
  lerpSpeed: 0.5
  removeTime: 5
  radiusDetectResource: 2.19
  percentWin: 50
  move: 1
  squid: 1
  flipWhenDispute: 1
  bulletPrefab: {fileID: 1371420183475092279, guid: 49c516574cbab514d8b1425dd5ea7f54,
    type: 3}
  exitPoint: {fileID: 7582343404571951852}
  decreaseSpeed: 30
--- !u!1 &2251441292594633599
GameObject:
  m_ObjectHideFlags: 0
  m_CorrespondingSourceObject: {fileID: 0}
  m_PrefabInstance: {fileID: 0}
  m_PrefabAsset: {fileID: 0}
  serializedVersion: 6
  m_Component:
  - component: {fileID: 2251441292594633596}
  - component: {fileID: 2251441292594633586}
  - component: {fileID: 2251441292594633597}
  m_Layer: 9
  m_Name: Img Fill
  m_TagString: Untagged
  m_Icon: {fileID: 0}
  m_NavMeshLayer: 0
  m_StaticEditorFlags: 0
  m_IsActive: 1
--- !u!224 &2251441292594633596
RectTransform:
  m_ObjectHideFlags: 0
  m_CorrespondingSourceObject: {fileID: 0}
  m_PrefabInstance: {fileID: 0}
  m_PrefabAsset: {fileID: 0}
  m_GameObject: {fileID: 2251441292594633599}
  m_LocalRotation: {x: 0, y: 0, z: 0, w: 1}
  m_LocalPosition: {x: 0, y: 0, z: 0}
  m_LocalScale: {x: 1, y: 1, z: 1}
  m_Children: []
  m_Father: {fileID: 2251441291341065270}
  m_RootOrder: 1
  m_LocalEulerAnglesHint: {x: 0, y: 0, z: 0}
  m_AnchorMin: {x: 0, y: 0}
  m_AnchorMax: {x: 1, y: 1}
  m_AnchoredPosition: {x: 0.04150009, y: -0.00910002}
  m_SizeDelta: {x: -0.6194, y: -0.2482}
  m_Pivot: {x: 0.5, y: 0.5}
--- !u!222 &2251441292594633586
CanvasRenderer:
  m_ObjectHideFlags: 0
  m_CorrespondingSourceObject: {fileID: 0}
  m_PrefabInstance: {fileID: 0}
  m_PrefabAsset: {fileID: 0}
  m_GameObject: {fileID: 2251441292594633599}
  m_CullTransparentMesh: 1
--- !u!114 &2251441292594633597
MonoBehaviour:
  m_ObjectHideFlags: 0
  m_CorrespondingSourceObject: {fileID: 0}
  m_PrefabInstance: {fileID: 0}
  m_PrefabAsset: {fileID: 0}
  m_GameObject: {fileID: 2251441292594633599}
  m_Enabled: 1
  m_EditorHideFlags: 0
  m_Script: {fileID: 11500000, guid: fe87c0e1cc204ed48ad3b37840f39efc, type: 3}
  m_Name: 
  m_EditorClassIdentifier: 
  m_Material: {fileID: 0}
  m_Color: {r: 1, g: 1, b: 1, a: 1}
  m_RaycastTarget: 0
  m_RaycastPadding: {x: 0, y: 0, z: 0, w: 0}
  m_Maskable: 1
  m_OnCullStateChanged:
    m_PersistentCalls:
      m_Calls: []
  m_Sprite: {fileID: 21300000, guid: 927ad4c96f2b8964dbbd80af45eb29a5, type: 3}
  m_Type: 3
  m_PreserveAspect: 0
  m_FillCenter: 1
  m_FillMethod: 0
  m_FillAmount: 1
  m_FillClockwise: 1
  m_FillOrigin: 0
  m_UseSpriteMesh: 0
  m_PixelsPerUnitMultiplier: 1
--- !u!1 &4024674988180421421
GameObject:
  m_ObjectHideFlags: 0
  m_CorrespondingSourceObject: {fileID: 0}
  m_PrefabInstance: {fileID: 0}
  m_PrefabAsset: {fileID: 0}
  serializedVersion: 6
  m_Component:
  - component: {fileID: 7582343404571951852}
  m_Layer: 9
  m_Name: Exit Point
  m_TagString: Untagged
  m_Icon: {fileID: 6519382022992737161, guid: 0000000000000000d000000000000000, type: 0}
  m_NavMeshLayer: 0
  m_StaticEditorFlags: 0
  m_IsActive: 1
--- !u!4 &7582343404571951852
Transform:
  m_ObjectHideFlags: 0
  m_CorrespondingSourceObject: {fileID: 0}
  m_PrefabInstance: {fileID: 0}
  m_PrefabAsset: {fileID: 0}
  m_GameObject: {fileID: 4024674988180421421}
  m_LocalRotation: {x: -0, y: -0, z: -0, w: 1}
  m_LocalPosition: {x: -3.59, y: 1.1, z: -0.6083966}
  m_LocalScale: {x: 2.5, y: 2.5, z: 2.5}
  m_Children: []
  m_Father: {fileID: 2251441292264211092}
  m_RootOrder: 2
  m_LocalEulerAnglesHint: {x: 0, y: 0, z: 0}
--- !u!1 &6824113660460228645
GameObject:
  m_ObjectHideFlags: 0
  m_CorrespondingSourceObject: {fileID: 0}
  m_PrefabInstance: {fileID: 0}
  m_PrefabAsset: {fileID: 0}
  serializedVersion: 6
  m_Component:
  - component: {fileID: 3517358895004857502}
  m_Layer: 9
  m_Name: Dispute
  m_TagString: Untagged
  m_Icon: {fileID: 0}
  m_NavMeshLayer: 0
  m_StaticEditorFlags: 0
  m_IsActive: 1
--- !u!4 &3517358895004857502
Transform:
  m_ObjectHideFlags: 0
  m_CorrespondingSourceObject: {fileID: 0}
  m_PrefabInstance: {fileID: 0}
  m_PrefabAsset: {fileID: 0}
  m_GameObject: {fileID: 6824113660460228645}
  m_LocalRotation: {x: 0, y: 0, z: 0, w: 1}
  m_LocalPosition: {x: 0, y: 0, z: 0}
  m_LocalScale: {x: 1, y: 1, z: 1}
  m_Children: []
  m_Father: {fileID: 2251441292264211092}
  m_RootOrder: 1
  m_LocalEulerAnglesHint: {x: 0, y: 0, z: 0}
