%YAML 1.1
%TAG !u! tag:unity3d.com,2011:
--- !u!1 &2161725172931736800
GameObject:
  m_ObjectHideFlags: 0
  m_CorrespondingSourceObject: {fileID: 0}
  m_PrefabInstance: {fileID: 0}
  m_PrefabAsset: {fileID: 0}
  serializedVersion: 6
  m_Component:
  - component: {fileID: 276000936710156625}
  - component: {fileID: 8688102079476916650}
  m_Layer: 7
  m_Name: Hand 1
  m_TagString: Untagged
  m_Icon: {fileID: 0}
  m_NavMeshLayer: 0
  m_StaticEditorFlags: 0
  m_IsActive: 0
--- !u!4 &276000936710156625
Transform:
  m_ObjectHideFlags: 0
  m_CorrespondingSourceObject: {fileID: 0}
  m_PrefabInstance: {fileID: 0}
  m_PrefabAsset: {fileID: 0}
  m_GameObject: {fileID: 2161725172931736800}
  m_LocalRotation: {x: 0, y: 0, z: 0, w: 1}
  m_LocalPosition: {x: 0, y: 0, z: 0}
  m_LocalScale: {x: 1, y: 1, z: 1}
  m_Children: []
  m_Father: {fileID: 1687123983108855293}
  m_RootOrder: 0
  m_LocalEulerAnglesHint: {x: 0, y: 0, z: 0}
--- !u!212 &8688102079476916650
SpriteRenderer:
  m_ObjectHideFlags: 0
  m_CorrespondingSourceObject: {fileID: 0}
  m_PrefabInstance: {fileID: 0}
  m_PrefabAsset: {fileID: 0}
  m_GameObject: {fileID: 2161725172931736800}
  m_Enabled: 1
  m_CastShadows: 0
  m_ReceiveShadows: 0
  m_DynamicOccludee: 1
  m_MotionVectors: 1
  m_LightProbeUsage: 1
  m_ReflectionProbeUsage: 1
  m_RayTracingMode: 0
  m_RayTraceProcedural: 0
  m_RenderingLayerMask: 1
  m_RendererPriority: 0
  m_Materials:
  - {fileID: 10754, guid: 0000000000000000f000000000000000, type: 0}
  m_StaticBatchInfo:
    firstSubMesh: 0
    subMeshCount: 0
  m_StaticBatchRoot: {fileID: 0}
  m_ProbeAnchor: {fileID: 0}
  m_LightProbeVolumeOverride: {fileID: 0}
  m_ScaleInLightmap: 1
  m_ReceiveGI: 1
  m_PreserveUVs: 0
  m_IgnoreNormalsForChartDetection: 0
  m_ImportantGI: 0
  m_StitchLightmapSeams: 1
  m_SelectedEditorRenderState: 0
  m_MinimumChartSize: 4
  m_AutoUVMaxDistance: 0.5
  m_AutoUVMaxAngle: 89
  m_LightmapParameters: {fileID: 0}
  m_SortingLayerID: 0
  m_SortingLayer: 0
  m_SortingOrder: 0
  m_Sprite: {fileID: -5720071134948323337, guid: 6cadb6085c84be84a94b75bcc76aaa33,
    type: 3}
  m_Color: {r: 1, g: 1, b: 1, a: 1}
  m_FlipX: 0
  m_FlipY: 0
  m_DrawMode: 0
  m_Size: {x: 2.67, y: 1.3401903}
  m_AdaptiveModeThreshold: 0.5
  m_SpriteTileMode: 0
  m_WasSpriteAssigned: 1
  m_MaskInteraction: 0
  m_SpriteSortPoint: 0
--- !u!1 &4073309018539035986
GameObject:
  m_ObjectHideFlags: 0
  m_CorrespondingSourceObject: {fileID: 0}
  m_PrefabInstance: {fileID: 0}
  m_PrefabAsset: {fileID: 0}
  serializedVersion: 6
  m_Component:
  - component: {fileID: 4073309018539035989}
  - component: {fileID: 4073309018539035990}
  - component: {fileID: 4073309018539035991}
  - component: {fileID: 4073309018539035988}
  m_Layer: 7
  m_Name: Health
  m_TagString: Untagged
  m_Icon: {fileID: 0}
  m_NavMeshLayer: 0
  m_StaticEditorFlags: 0
  m_IsActive: 0
--- !u!224 &4073309018539035989
RectTransform:
  m_ObjectHideFlags: 0
  m_CorrespondingSourceObject: {fileID: 0}
  m_PrefabInstance: {fileID: 0}
  m_PrefabAsset: {fileID: 0}
  m_GameObject: {fileID: 4073309018539035986}
  m_LocalRotation: {x: -0, y: -1, z: -0, w: 0}
  m_LocalPosition: {x: 0, y: 0, z: 0}
  m_LocalScale: {x: 2, y: 2, z: 2}
  m_Children:
  - {fileID: 4073309018716136496}
  - {fileID: 4073309019653159455}
  m_Father: {fileID: 4073309018958062583}
  m_RootOrder: 0
  m_LocalEulerAnglesHint: {x: 0, y: 0, z: 0}
  m_AnchorMin: {x: 0, y: 0}
  m_AnchorMax: {x: 0, y: 0}
  m_AnchoredPosition: {x: 3.2249992, y: 9.530001}
  m_SizeDelta: {x: 5.88, y: 1.517}
  m_Pivot: {x: 0.5, y: 0.5}
--- !u!223 &4073309018539035990
Canvas:
  m_ObjectHideFlags: 0
  m_CorrespondingSourceObject: {fileID: 0}
  m_PrefabInstance: {fileID: 0}
  m_PrefabAsset: {fileID: 0}
  m_GameObject: {fileID: 4073309018539035986}
  m_Enabled: 1
  serializedVersion: 3
  m_RenderMode: 2
  m_Camera: {fileID: 0}
  m_PlaneDistance: 100
  m_PixelPerfect: 0
  m_ReceivesEvents: 1
  m_OverrideSorting: 0
  m_OverridePixelPerfect: 0
  m_SortingBucketNormalizedSize: 0
  m_AdditionalShaderChannelsFlag: 0
  m_SortingLayerID: 0
  m_SortingOrder: 99
  m_TargetDisplay: 0
--- !u!114 &4073309018539035991
MonoBehaviour:
  m_ObjectHideFlags: 0
  m_CorrespondingSourceObject: {fileID: 0}
  m_PrefabInstance: {fileID: 0}
  m_PrefabAsset: {fileID: 0}
  m_GameObject: {fileID: 4073309018539035986}
  m_Enabled: 1
  m_EditorHideFlags: 0
  m_Script: {fileID: 11500000, guid: 0cd44c1031e13a943bb63640046fad76, type: 3}
  m_Name: 
  m_EditorClassIdentifier: 
  m_UiScaleMode: 0
  m_ReferencePixelsPerUnit: 100
  m_ScaleFactor: 1
  m_ReferenceResolution: {x: 800, y: 600}
  m_ScreenMatchMode: 0
  m_MatchWidthOrHeight: 0
  m_PhysicalUnit: 3
  m_FallbackScreenDPI: 96
  m_DefaultSpriteDPI: 96
  m_DynamicPixelsPerUnit: 1
  m_PresetInfoIsWorld: 1
--- !u!114 &4073309018539035988
MonoBehaviour:
  m_ObjectHideFlags: 0
  m_CorrespondingSourceObject: {fileID: 0}
  m_PrefabInstance: {fileID: 0}
  m_PrefabAsset: {fileID: 0}
  m_GameObject: {fileID: 4073309018539035986}
  m_Enabled: 1
  m_EditorHideFlags: 0
  m_Script: {fileID: 11500000, guid: dc42784cf147c0c48a680349fa168899, type: 3}
  m_Name: 
  m_EditorClassIdentifier: 
  m_IgnoreReversedGraphics: 1
  m_BlockingObjects: 0
  m_BlockingMask:
    serializedVersion: 2
    m_Bits: 311
--- !u!1 &4073309018716136497
GameObject:
  m_ObjectHideFlags: 0
  m_CorrespondingSourceObject: {fileID: 0}
  m_PrefabInstance: {fileID: 0}
  m_PrefabAsset: {fileID: 0}
  serializedVersion: 6
  m_Component:
  - component: {fileID: 4073309018716136496}
  - component: {fileID: 4073309018716136498}
  - component: {fileID: 4073309018716136499}
  m_Layer: 7
  m_Name: Img Health
  m_TagString: Untagged
  m_Icon: {fileID: 0}
  m_NavMeshLayer: 0
  m_StaticEditorFlags: 0
  m_IsActive: 1
--- !u!224 &4073309018716136496
RectTransform:
  m_ObjectHideFlags: 0
  m_CorrespondingSourceObject: {fileID: 0}
  m_PrefabInstance: {fileID: 0}
  m_PrefabAsset: {fileID: 0}
  m_GameObject: {fileID: 4073309018716136497}
  m_LocalRotation: {x: 0, y: 0, z: 0, w: 1}
  m_LocalPosition: {x: 0, y: 0, z: 0}
  m_LocalScale: {x: 1, y: 1, z: 1}
  m_Children: []
  m_Father: {fileID: 4073309018539035989}
  m_RootOrder: 0
  m_LocalEulerAnglesHint: {x: 0, y: 0, z: 0}
  m_AnchorMin: {x: 0, y: 0}
  m_AnchorMax: {x: 1, y: 1}
  m_AnchoredPosition: {x: 0, y: 0}
  m_SizeDelta: {x: 0, y: 0}
  m_Pivot: {x: 0.5, y: 0.5}
--- !u!222 &4073309018716136498
CanvasRenderer:
  m_ObjectHideFlags: 0
  m_CorrespondingSourceObject: {fileID: 0}
  m_PrefabInstance: {fileID: 0}
  m_PrefabAsset: {fileID: 0}
  m_GameObject: {fileID: 4073309018716136497}
  m_CullTransparentMesh: 1
--- !u!114 &4073309018716136499
MonoBehaviour:
  m_ObjectHideFlags: 0
  m_CorrespondingSourceObject: {fileID: 0}
  m_PrefabInstance: {fileID: 0}
  m_PrefabAsset: {fileID: 0}
  m_GameObject: {fileID: 4073309018716136497}
  m_Enabled: 1
  m_EditorHideFlags: 0
  m_Script: {fileID: 11500000, guid: fe87c0e1cc204ed48ad3b37840f39efc, type: 3}
  m_Name: 
  m_EditorClassIdentifier: 
  m_Material: {fileID: 0}
  m_Color: {r: 1, g: 1, b: 1, a: 1}
  m_RaycastTarget: 0
  m_RaycastPadding: {x: 0, y: 0, z: 0, w: 0}
  m_Maskable: 1
  m_OnCullStateChanged:
    m_PersistentCalls:
      m_Calls: []
  m_Sprite: {fileID: 21300000, guid: 1f9e2f7986946274791e1144de57bef1, type: 3}
  m_Type: 0
  m_PreserveAspect: 0
  m_FillCenter: 1
  m_FillMethod: 4
  m_FillAmount: 1
  m_FillClockwise: 1
  m_FillOrigin: 0
  m_UseSpriteMesh: 0
  m_PixelsPerUnitMultiplier: 1
--- !u!1 &4073309018958062580
GameObject:
  m_ObjectHideFlags: 0
  m_CorrespondingSourceObject: {fileID: 0}
  m_PrefabInstance: {fileID: 0}
  m_PrefabAsset: {fileID: 0}
  serializedVersion: 6
  m_Component:
  - component: {fileID: 4073309018958062583}
  - component: {fileID: 4073309018958062582}
  - component: {fileID: 4073309018958062344}
  - component: {fileID: 4073309018958062345}
  - component: {fileID: 4073309018958062349}
  m_Layer: 7
  m_Name: Boss Dragon
  m_TagString: Untagged
  m_Icon: {fileID: 0}
  m_NavMeshLayer: 0
  m_StaticEditorFlags: 0
  m_IsActive: 1
--- !u!4 &4073309018958062583
Transform:
  m_ObjectHideFlags: 0
  m_CorrespondingSourceObject: {fileID: 0}
  m_PrefabInstance: {fileID: 0}
  m_PrefabAsset: {fileID: 0}
  m_GameObject: {fileID: 4073309018958062580}
  m_LocalRotation: {x: 0, y: 0, z: 0, w: 1}
  m_LocalPosition: {x: 5.43, y: 2.276, z: -0.01}
  m_LocalScale: {x: 1.25, y: 1.25, z: 1.25}
  m_Children:
  - {fileID: 4073309018539035989}
  - {fileID: 1687123983108855293}
  m_Father: {fileID: 0}
  m_RootOrder: 0
  m_LocalEulerAnglesHint: {x: 0, y: 0, z: 0}
--- !u!212 &4073309018958062582
SpriteRenderer:
  m_ObjectHideFlags: 0
  m_CorrespondingSourceObject: {fileID: 0}
  m_PrefabInstance: {fileID: 0}
  m_PrefabAsset: {fileID: 0}
  m_GameObject: {fileID: 4073309018958062580}
  m_Enabled: 1
  m_CastShadows: 0
  m_ReceiveShadows: 0
  m_DynamicOccludee: 1
  m_MotionVectors: 1
  m_LightProbeUsage: 1
  m_ReflectionProbeUsage: 1
  m_RayTracingMode: 0
  m_RayTraceProcedural: 0
  m_RenderingLayerMask: 1
  m_RendererPriority: 0
  m_Materials:
  - {fileID: 10754, guid: 0000000000000000f000000000000000, type: 0}
  m_StaticBatchInfo:
    firstSubMesh: 0
    subMeshCount: 0
  m_StaticBatchRoot: {fileID: 0}
  m_ProbeAnchor: {fileID: 0}
  m_LightProbeVolumeOverride: {fileID: 0}
  m_ScaleInLightmap: 1
  m_ReceiveGI: 1
  m_PreserveUVs: 0
  m_IgnoreNormalsForChartDetection: 0
  m_ImportantGI: 0
  m_StitchLightmapSeams: 1
  m_SelectedEditorRenderState: 0
  m_MinimumChartSize: 4
  m_AutoUVMaxDistance: 0.5
  m_AutoUVMaxAngle: 89
  m_LightmapParameters: {fileID: 0}
  m_SortingLayerID: 0
  m_SortingLayer: 0
  m_SortingOrder: 16
  m_Sprite: {fileID: 21300000, guid: 602ee1d318ce6c644b0fd82bff369728, type: 3}
  m_Color: {r: 1, g: 1, b: 1, a: 1}
  m_FlipX: 0
  m_FlipY: 0
  m_DrawMode: 0
  m_Size: {x: 10.69, y: 10.461485}
  m_AdaptiveModeThreshold: 0.5
  m_SpriteTileMode: 0
  m_WasSpriteAssigned: 1
  m_MaskInteraction: 0
  m_SpriteSortPoint: 0
--- !u!95 &4073309018958062344
Animator:
  serializedVersion: 3
  m_ObjectHideFlags: 0
  m_CorrespondingSourceObject: {fileID: 0}
  m_PrefabInstance: {fileID: 0}
  m_PrefabAsset: {fileID: 0}
  m_GameObject: {fileID: 4073309018958062580}
  m_Enabled: 1
  m_Avatar: {fileID: 0}
  m_Controller: {fileID: 9100000, guid: e6fd3d9cf011d8d498949809b4d2a75f, type: 2}
  m_CullingMode: 0
  m_UpdateMode: 0
  m_ApplyRootMotion: 0
  m_LinearVelocityBlending: 0
  m_WarningMessage: 
  m_HasTransformHierarchy: 1
  m_AllowConstantClipSamplingOptimization: 1
  m_KeepAnimatorControllerStateOnDisable: 0
--- !u!114 &4073309018958062345
MonoBehaviour:
  m_ObjectHideFlags: 0
  m_CorrespondingSourceObject: {fileID: 0}
  m_PrefabInstance: {fileID: 0}
  m_PrefabAsset: {fileID: 0}
  m_GameObject: {fileID: 4073309018958062580}
  m_Enabled: 1
  m_EditorHideFlags: 0
  m_Script: {fileID: 11500000, guid: f420923e5470440c8c132320024e16c9, type: 3}
  m_Name: 
  m_EditorClassIdentifier: 
  resource: {fileID: 11400000, guid: affa92b7f9890424ba143a91ec7862c8, type: 2}
  icSnakeCrawl: {fileID: 0}
  snakeCanCrawl: 0
  clipAppear: {fileID: 8300000, guid: ddf9e883b2547c744b0fd39f4e68092b, type: 3}
  clipMove: {fileID: 8300000, guid: 4f853e8bd7c41924c8e9a1f7f814dcc3, type: 3}
  clipDispute: {fileID: 8300000, guid: 9ccdc3a991fa528428cb94e0d0d47243, type: 3}
  clipDie: {fileID: 8300000, guid: 8acebcf826246b849864505845a59861, type: 3}
  minX: -6.25
  maxX: 14.5
  moveSpeed: 0.5
  idleTime: 2
  rewards:
  - treasure: {fileID: 11400000, guid: 84a5eba55361d114fbec5a2e4dbc25b4, type: 2}
    drop: 5
  - treasure: {fileID: 11400000, guid: 9fdb664ebde694b42b0c609c92043d94, type: 2}
    drop: 50
  resourceLayerMask:
    serializedVersion: 2
    m_Bits: 256
  treasurePrefab: {fileID: 2520790728978832728, guid: 86ab52b4a6ff10c4bb3da6b8e9f2b309,
    type: 3}
  bulletLokiPrefab: {fileID: 0}
  cvHealth: {fileID: 4073309018539035990}
  imgFill: {fileID: 4073309019653159454}
  maxHp: 18
  lerpSpeed: 0.5
  removeTime: 5
  radiusDetectResource: 2
  percentWin: 40
  move: 0
  squid: 0
  flipWhenDispute: 1
--- !u!60 &4073309018958062349
PolygonCollider2D:
  m_ObjectHideFlags: 0
  m_CorrespondingSourceObject: {fileID: 0}
  m_PrefabInstance: {fileID: 0}
  m_PrefabAsset: {fileID: 0}
  m_GameObject: {fileID: 4073309018958062580}
  m_Enabled: 1
  m_Density: 1
  m_Material: {fileID: 0}
  m_IsTrigger: 0
  m_UsedByEffector: 0
  m_UsedByComposite: 0
  m_Offset: {x: 0, y: 0}
  m_SpriteTilingProperty:
    border: {x: 0, y: 0, z: 0, w: 0}
    pivot: {x: 0.5, y: 0.5}
    oldSize: {x: 2.65, y: 2.56}
    newSize: {x: 10.69, y: 10.461485}
    adaptiveTilingThreshold: 0.5
    drawMode: 0
    adaptiveTiling: 0
  m_AutoTiling: 0
  m_Points:
    m_Paths:
    - - {x: 0.405, y: -0.93}
      - {x: 0.525, y: -0.82}
      - {x: 0.415, y: -0.7}
      - {x: 0.415, y: -0.58}
      - {x: 0.585, y: -0.39999998}
      - {x: 0.625, y: -0.31}
      - {x: 0.755, y: -0.29}
      - {x: 0.865, y: -0.22999999}
      - {x: 0.92499995, y: -0.26}
      - {x: 0.995, y: -0.19}
      - {x: 0.995, y: -0.14}
      - {x: 0.945, y: -0.03}
      - {x: 0.85499996, y: 0.01}
      - {x: 0.755, y: -0.07}
      - {x: 0.715, y: -0.19}
      - {x: 0.715, y: -0.11}
      - {x: 0.865, y: 0.14}
      - {x: 0.79499996, y: 0.34}
      - {x: 0.73499995, y: 0.42}
      - {x: 0.705, y: 0.39999998}
      - {x: 0.685, y: 0.34}
      - {x: 0.685, y: 0.32}
      - {x: 0.685, y: 0.38}
      - {x: 0.765, y: 0.45}
      - {x: 0.745, y: 0.5}
      - {x: 0.59499997, y: 0.58}
      - {x: 0.545, y: 0.65}
      - {x: 0.315, y: 0.81}
      - {x: 0.145, y: 0.77}
      - {x: -0.085, y: 0.89}
      - {x: -0.105, y: 0.89}
      - {x: -0.114999995, y: 0.9}
      - {x: -0.095, y: 0.89}
      - {x: -0.055, y: 0.89}
      - {x: -0.035, y: 0.91999996}
      - {x: -0.085, y: 0.97999996}
      - {x: -0.175, y: 0.97999996}
      - {x: -0.275, y: 0.90999997}
      - {x: -0.265, y: 0.88}
      - {x: -0.45499998, y: 0.66999996}
      - {x: -0.48499998, y: 0.59999996}
      - {x: -0.505, y: 0.41}
      - {x: -0.645, y: 0.41}
      - {x: -0.755, y: 0.32999998}
      - {x: -0.84499997, y: 0.19999999}
      - {x: -0.885, y: 0}
      - {x: -0.85499996, y: -0.02}
      - {x: -0.745, y: -0.11}
      - {x: -0.695, y: -0.13}
      - {x: -0.565, y: -0.13}
      - {x: -0.465, y: -0.03}
      - {x: -0.465, y: -0.24}
      - {x: -0.875, y: -0.45}
      - {x: -0.995, y: -0.61}
      - {x: -0.995, y: -0.84999996}
      - {x: -0.885, y: -0.88}
      - {x: -0.865, y: -0.84999996}
      - {x: -0.875, y: -0.7}
      - {x: -0.765, y: -0.62}
      - {x: -0.33499998, y: -0.68}
      - {x: -0.275, y: -0.84999996}
      - {x: -0.275, y: -0.90999997}
      - {x: -0.235, y: -0.94}
      - {x: -0.024999999, y: -0.96999997}
      - {x: 0.085, y: -0.96999997}
      - {x: 0.13499999, y: -0.96}
      - {x: 0.185, y: -0.88}
      - {x: 0.315, y: -0.9}
    - - {x: 0.024999999, y: -0.83}
      - {x: 0.044999998, y: -0.81}
      - {x: 0.074999996, y: -0.76}
      - {x: 0.074999996, y: -0.71}
      - {x: 0.065, y: -0.7}
      - {x: 0.074999996, y: -0.71}
      - {x: 0.145, y: -0.7}
      - {x: 0.185, y: -0.69}
      - {x: 0.185, y: -0.71}
      - {x: 0.125, y: -0.76}
      - {x: 0.085, y: -0.79999995}
      - {x: 0.074999996, y: -0.83}
      - {x: 0.035, y: -0.83}
      - {x: 0.024999999, y: -0.82}
    - - {x: -0.525, y: 0.089999996}
      - {x: -0.545, y: 0.099999994}
      - {x: -0.545, y: 0.11}
      - {x: -0.565, y: 0.13}
      - {x: -0.575, y: 0.16}
      - {x: -0.565, y: 0.14}
      - {x: -0.555, y: 0.11}
      - {x: -0.525, y: 0.089999996}
      - {x: -0.515, y: 0.089999996}
      - {x: -0.48499998, y: 0.12}
      - {x: -0.48499998, y: 0.14}
      - {x: -0.49499997, y: 0.14999999}
      - {x: -0.48499998, y: 0.07}
      - {x: -0.49499997, y: 0.08}
    - - {x: 0.545, y: 0.089999996}
      - {x: 0.545, y: 0.13}
      - {x: 0.525, y: 0.16}
      - {x: 0.545, y: 0.14}
      - {x: 0.565, y: 0.14}
      - {x: 0.625, y: 0.19}
      - {x: 0.625, y: 0.21}
      - {x: 0.59499997, y: 0.17}
      - {x: 0.575, y: 0.14999999}
      - {x: 0.565, y: 0.12}
      - {x: 0.545, y: 0.099999994}
      - {x: 0.545, y: 0.07}
      - {x: 0.555, y: 0.07}
    - - {x: 0.235, y: 0.91999996}
      - {x: 0.21499999, y: 0.88}
      - {x: 0.21499999, y: 0.84}
      - {x: 0.275, y: 0.82}
      - {x: 0.36499998, y: 0.82}
      - {x: 0.36499998, y: 0.87}
      - {x: 0.295, y: 0.91999996}
--- !u!1 &4073309019653159452
GameObject:
  m_ObjectHideFlags: 0
  m_CorrespondingSourceObject: {fileID: 0}
  m_PrefabInstance: {fileID: 0}
  m_PrefabAsset: {fileID: 0}
  serializedVersion: 6
  m_Component:
  - component: {fileID: 4073309019653159455}
  - component: {fileID: 4073309019653159441}
  - component: {fileID: 4073309019653159454}
  m_Layer: 7
  m_Name: Img Fill
  m_TagString: Untagged
  m_Icon: {fileID: 0}
  m_NavMeshLayer: 0
  m_StaticEditorFlags: 0
  m_IsActive: 1
--- !u!224 &4073309019653159455
RectTransform:
  m_ObjectHideFlags: 0
  m_CorrespondingSourceObject: {fileID: 0}
  m_PrefabInstance: {fileID: 0}
  m_PrefabAsset: {fileID: 0}
  m_GameObject: {fileID: 4073309019653159452}
  m_LocalRotation: {x: 0, y: 0, z: 0, w: 1}
  m_LocalPosition: {x: 0, y: 0, z: 0}
  m_LocalScale: {x: 1, y: 1, z: 1}
  m_Children: []
  m_Father: {fileID: 4073309018539035989}
  m_RootOrder: 1
  m_LocalEulerAnglesHint: {x: 0, y: 0, z: 0}
  m_AnchorMin: {x: 0, y: 0}
  m_AnchorMax: {x: 1, y: 1}
  m_AnchoredPosition: {x: 0.04150009, y: -0.00910002}
  m_SizeDelta: {x: -0.6194, y: -0.2482}
  m_Pivot: {x: 0.5, y: 0.5}
--- !u!222 &4073309019653159441
CanvasRenderer:
  m_ObjectHideFlags: 0
  m_CorrespondingSourceObject: {fileID: 0}
  m_PrefabInstance: {fileID: 0}
  m_PrefabAsset: {fileID: 0}
  m_GameObject: {fileID: 4073309019653159452}
  m_CullTransparentMesh: 1
--- !u!114 &4073309019653159454
MonoBehaviour:
  m_ObjectHideFlags: 0
  m_CorrespondingSourceObject: {fileID: 0}
  m_PrefabInstance: {fileID: 0}
  m_PrefabAsset: {fileID: 0}
  m_GameObject: {fileID: 4073309019653159452}
  m_Enabled: 1
  m_EditorHideFlags: 0
  m_Script: {fileID: 11500000, guid: fe87c0e1cc204ed48ad3b37840f39efc, type: 3}
  m_Name: 
  m_EditorClassIdentifier: 
  m_Material: {fileID: 0}
  m_Color: {r: 1, g: 1, b: 1, a: 1}
  m_RaycastTarget: 0
  m_RaycastPadding: {x: 0, y: 0, z: 0, w: 0}
  m_Maskable: 1
  m_OnCullStateChanged:
    m_PersistentCalls:
      m_Calls: []
  m_Sprite: {fileID: 21300000, guid: 927ad4c96f2b8964dbbd80af45eb29a5, type: 3}
  m_Type: 3
  m_PreserveAspect: 0
  m_FillCenter: 1
  m_FillMethod: 0
  m_FillAmount: 1
  m_FillClockwise: 1
  m_FillOrigin: 0
  m_UseSpriteMesh: 0
  m_PixelsPerUnitMultiplier: 1
--- !u!1 &8722885487115796806
GameObject:
  m_ObjectHideFlags: 0
  m_CorrespondingSourceObject: {fileID: 0}
  m_PrefabInstance: {fileID: 0}
  m_PrefabAsset: {fileID: 0}
  serializedVersion: 6
  m_Component:
  - component: {fileID: 1687123983108855293}
  m_Layer: 7
  m_Name: Dispute
  m_TagString: Untagged
  m_Icon: {fileID: 0}
  m_NavMeshLayer: 0
  m_StaticEditorFlags: 0
  m_IsActive: 1
--- !u!4 &1687123983108855293
Transform:
  m_ObjectHideFlags: 0
  m_CorrespondingSourceObject: {fileID: 0}
  m_PrefabInstance: {fileID: 0}
  m_PrefabAsset: {fileID: 0}
  m_GameObject: {fileID: 8722885487115796806}
  m_LocalRotation: {x: 0, y: 0, z: 0, w: 1}
  m_LocalPosition: {x: 0, y: 0, z: 0}
  m_LocalScale: {x: 1, y: 1, z: 1}
  m_Children:
  - {fileID: 276000936710156625}
  m_Father: {fileID: 4073309018958062583}
  m_RootOrder: 1
  m_LocalEulerAnglesHint: {x: 0, y: 0, z: 0}
