%YAML 1.1
%TAG !u! tag:unity3d.com,2011:
--- !u!1 &6156717436231374917
GameObject:
  m_ObjectHideFlags: 0
  m_CorrespondingSourceObject: {fileID: 0}
  m_PrefabInstance: {fileID: 0}
  m_PrefabAsset: {fileID: 0}
  serializedVersion: 6
  m_Component:
  - component: {fileID: 6156717436231374918}
  m_Layer: 0
  m_Name: Level Asgard  4
  m_TagString: Untagged
  m_Icon: {fileID: 0}
  m_NavMeshLayer: 0
  m_StaticEditorFlags: 0
  m_IsActive: 1
--- !u!4 &6156717436231374918
Transform:
  m_ObjectHideFlags: 0
  m_CorrespondingSourceObject: {fileID: 0}
  m_PrefabInstance: {fileID: 0}
  m_PrefabAsset: {fileID: 0}
  m_GameObject: {fileID: 6156717436231374917}
  m_LocalRotation: {x: 0, y: 0, z: 0, w: 1}
  m_LocalPosition: {x: 0, y: 0, z: 0}
  m_LocalScale: {x: 1, y: 1, z: 1}
  m_Children:
  - {fileID: 8509588774879476519}
  - {fileID: 7632805244182063794}
  - {fileID: 994622918963727766}
  - {fileID: 4489490173626688783}
  - {fileID: 8652788141504252033}
  - {fileID: 3205885933392438317}
  - {fileID: 1854170186878441805}
  - {fileID: 4404627297395463770}
  - {fileID: 3397082853399052062}
  - {fileID: 4873497919975831948}
  - {fileID: 4873497920663850503}
  - {fileID: 3825666913934442241}
  - {fileID: 4327501746946917105}
  - {fileID: 6677023347362795617}
  - {fileID: 8509588775897414574}
  - {fileID: 8965835442033627113}
  - {fileID: 2816038952734486338}
  - {fileID: 1456797255157438417}
  - {fileID: 9163019922278258513}
  - {fileID: 5251912800480587124}
  - {fileID: 1714052941174732701}
  - {fileID: 6529872871547840030}
  - {fileID: 2846647617603465707}
  m_Father: {fileID: 0}
  m_RootOrder: 0
  m_LocalEulerAnglesHint: {x: 0, y: 0, z: 0}
--- !u!1001 &35662132011847817
PrefabInstance:
  m_ObjectHideFlags: 0
  serializedVersion: 2
  m_Modification:
    m_TransformParent: {fileID: 6156717436231374918}
    m_Modifications:
    - target: {fileID: 2882269024518447457, guid: 8fd103294e2510144b307d1c4373abbb,
        type: 3}
      propertyPath: m_Name
      value: Boss Odin
      objectReference: {fileID: 0}
    - target: {fileID: 2882269024518447458, guid: 8fd103294e2510144b307d1c4373abbb,
        type: 3}
      propertyPath: m_RootOrder
      value: 22
      objectReference: {fileID: 0}
    - target: {fileID: 2882269024518447458, guid: 8fd103294e2510144b307d1c4373abbb,
        type: 3}
      propertyPath: m_LocalScale.x
      value: 1.25
      objectReference: {fileID: 0}
    - target: {fileID: 2882269024518447458, guid: 8fd103294e2510144b307d1c4373abbb,
        type: 3}
      propertyPath: m_LocalScale.y
      value: 1.25
      objectReference: {fileID: 0}
    - target: {fileID: 2882269024518447458, guid: 8fd103294e2510144b307d1c4373abbb,
        type: 3}
      propertyPath: m_LocalScale.z
      value: 1.25
      objectReference: {fileID: 0}
    - target: {fileID: 2882269024518447458, guid: 8fd103294e2510144b307d1c4373abbb,
        type: 3}
      propertyPath: m_LocalPosition.x
      value: 5.43
      objectReference: {fileID: 0}
    - target: {fileID: 2882269024518447458, guid: 8fd103294e2510144b307d1c4373abbb,
        type: 3}
      propertyPath: m_LocalPosition.y
      value: 2.276
      objectReference: {fileID: 0}
    - target: {fileID: 2882269024518447458, guid: 8fd103294e2510144b307d1c4373abbb,
        type: 3}
      propertyPath: m_LocalPosition.z
      value: -0.01
      objectReference: {fileID: 0}
    - target: {fileID: 2882269024518447458, guid: 8fd103294e2510144b307d1c4373abbb,
        type: 3}
      propertyPath: m_LocalRotation.w
      value: 1
      objectReference: {fileID: 0}
    - target: {fileID: 2882269024518447458, guid: 8fd103294e2510144b307d1c4373abbb,
        type: 3}
      propertyPath: m_LocalRotation.x
      value: 0
      objectReference: {fileID: 0}
    - target: {fileID: 2882269024518447458, guid: 8fd103294e2510144b307d1c4373abbb,
        type: 3}
      propertyPath: m_LocalRotation.y
      value: 0
      objectReference: {fileID: 0}
    - target: {fileID: 2882269024518447458, guid: 8fd103294e2510144b307d1c4373abbb,
        type: 3}
      propertyPath: m_LocalRotation.z
      value: 0
      objectReference: {fileID: 0}
    - target: {fileID: 2882269024518447458, guid: 8fd103294e2510144b307d1c4373abbb,
        type: 3}
      propertyPath: m_LocalEulerAnglesHint.x
      value: 0
      objectReference: {fileID: 0}
    - target: {fileID: 2882269024518447458, guid: 8fd103294e2510144b307d1c4373abbb,
        type: 3}
      propertyPath: m_LocalEulerAnglesHint.y
      value: 0
      objectReference: {fileID: 0}
    - target: {fileID: 2882269024518447458, guid: 8fd103294e2510144b307d1c4373abbb,
        type: 3}
      propertyPath: m_LocalEulerAnglesHint.z
      value: 0
      objectReference: {fileID: 0}
    m_RemovedComponents: []
  m_SourcePrefab: {fileID: 100100000, guid: 8fd103294e2510144b307d1c4373abbb, type: 3}
--- !u!4 &2846647617603465707 stripped
Transform:
  m_CorrespondingSourceObject: {fileID: 2882269024518447458, guid: 8fd103294e2510144b307d1c4373abbb,
    type: 3}
  m_PrefabInstance: {fileID: 35662132011847817}
  m_PrefabAsset: {fileID: 0}
--- !u!1001 &529198780624040907
PrefabInstance:
  m_ObjectHideFlags: 0
  serializedVersion: 2
  m_Modification:
    m_TransformParent: {fileID: 6156717436231374918}
    m_Modifications:
    - target: {fileID: 4213247520254764433, guid: 61e1f835841bbb54ba602c6bd1651834,
        type: 3}
      propertyPath: m_RootOrder
      value: 7
      objectReference: {fileID: 0}
    - target: {fileID: 4213247520254764433, guid: 61e1f835841bbb54ba602c6bd1651834,
        type: 3}
      propertyPath: m_LocalScale.x
      value: 2.0917966
      objectReference: {fileID: 0}
    - target: {fileID: 4213247520254764433, guid: 61e1f835841bbb54ba602c6bd1651834,
        type: 3}
      propertyPath: m_LocalScale.y
      value: 2.0458264
      objectReference: {fileID: 0}
    - target: {fileID: 4213247520254764433, guid: 61e1f835841bbb54ba602c6bd1651834,
        type: 3}
      propertyPath: m_LocalPosition.x
      value: -1.4743
      objectReference: {fileID: 0}
    - target: {fileID: 4213247520254764433, guid: 61e1f835841bbb54ba602c6bd1651834,
        type: 3}
      propertyPath: m_LocalPosition.y
      value: 5.1071
      objectReference: {fileID: 0}
    - target: {fileID: 4213247520254764433, guid: 61e1f835841bbb54ba602c6bd1651834,
        type: 3}
      propertyPath: m_LocalPosition.z
      value: -0.01
      objectReference: {fileID: 0}
    - target: {fileID: 4213247520254764433, guid: 61e1f835841bbb54ba602c6bd1651834,
        type: 3}
      propertyPath: m_LocalRotation.w
      value: 1
      objectReference: {fileID: 0}
    - target: {fileID: 4213247520254764433, guid: 61e1f835841bbb54ba602c6bd1651834,
        type: 3}
      propertyPath: m_LocalRotation.x
      value: 0
      objectReference: {fileID: 0}
    - target: {fileID: 4213247520254764433, guid: 61e1f835841bbb54ba602c6bd1651834,
        type: 3}
      propertyPath: m_LocalRotation.y
      value: 0
      objectReference: {fileID: 0}
    - target: {fileID: 4213247520254764433, guid: 61e1f835841bbb54ba602c6bd1651834,
        type: 3}
      propertyPath: m_LocalRotation.z
      value: 0
      objectReference: {fileID: 0}
    - target: {fileID: 4213247520254764433, guid: 61e1f835841bbb54ba602c6bd1651834,
        type: 3}
      propertyPath: m_LocalEulerAnglesHint.x
      value: 0
      objectReference: {fileID: 0}
    - target: {fileID: 4213247520254764433, guid: 61e1f835841bbb54ba602c6bd1651834,
        type: 3}
      propertyPath: m_LocalEulerAnglesHint.y
      value: 0
      objectReference: {fileID: 0}
    - target: {fileID: 4213247520254764433, guid: 61e1f835841bbb54ba602c6bd1651834,
        type: 3}
      propertyPath: m_LocalEulerAnglesHint.z
      value: 0
      objectReference: {fileID: 0}
    - target: {fileID: 4213247520254764444, guid: 61e1f835841bbb54ba602c6bd1651834,
        type: 3}
      propertyPath: m_Name
      value: Gold Large (5)
      objectReference: {fileID: 0}
    - target: {fileID: 4213247520254764444, guid: 61e1f835841bbb54ba602c6bd1651834,
        type: 3}
      propertyPath: m_IsActive
      value: 1
      objectReference: {fileID: 0}
    m_RemovedComponents: []
  m_SourcePrefab: {fileID: 100100000, guid: 61e1f835841bbb54ba602c6bd1651834, type: 3}
--- !u!4 &4404627297395463770 stripped
Transform:
  m_CorrespondingSourceObject: {fileID: 4213247520254764433, guid: 61e1f835841bbb54ba602c6bd1651834,
    type: 3}
  m_PrefabInstance: {fileID: 529198780624040907}
  m_PrefabAsset: {fileID: 0}
--- !u!1001 &1539292738357605371
PrefabInstance:
  m_ObjectHideFlags: 0
  serializedVersion: 2
  m_Modification:
    m_TransformParent: {fileID: 6156717436231374918}
    m_Modifications:
    - target: {fileID: 4116627413283346390, guid: c5055a199086d4a46941e6bc2b3cb200,
        type: 3}
      propertyPath: m_RootOrder
      value: 5
      objectReference: {fileID: 0}
    - target: {fileID: 4116627413283346390, guid: c5055a199086d4a46941e6bc2b3cb200,
        type: 3}
      propertyPath: m_LocalScale.x
      value: 2.0917966
      objectReference: {fileID: 0}
    - target: {fileID: 4116627413283346390, guid: c5055a199086d4a46941e6bc2b3cb200,
        type: 3}
      propertyPath: m_LocalScale.y
      value: 2.0458264
      objectReference: {fileID: 0}
    - target: {fileID: 4116627413283346390, guid: c5055a199086d4a46941e6bc2b3cb200,
        type: 3}
      propertyPath: m_LocalPosition.x
      value: 0.2724
      objectReference: {fileID: 0}
    - target: {fileID: 4116627413283346390, guid: c5055a199086d4a46941e6bc2b3cb200,
        type: 3}
      propertyPath: m_LocalPosition.y
      value: 2.2736
      objectReference: {fileID: 0}
    - target: {fileID: 4116627413283346390, guid: c5055a199086d4a46941e6bc2b3cb200,
        type: 3}
      propertyPath: m_LocalPosition.z
      value: -0.01
      objectReference: {fileID: 0}
    - target: {fileID: 4116627413283346390, guid: c5055a199086d4a46941e6bc2b3cb200,
        type: 3}
      propertyPath: m_LocalRotation.w
      value: 1
      objectReference: {fileID: 0}
    - target: {fileID: 4116627413283346390, guid: c5055a199086d4a46941e6bc2b3cb200,
        type: 3}
      propertyPath: m_LocalRotation.x
      value: 0
      objectReference: {fileID: 0}
    - target: {fileID: 4116627413283346390, guid: c5055a199086d4a46941e6bc2b3cb200,
        type: 3}
      propertyPath: m_LocalRotation.y
      value: 0
      objectReference: {fileID: 0}
    - target: {fileID: 4116627413283346390, guid: c5055a199086d4a46941e6bc2b3cb200,
        type: 3}
      propertyPath: m_LocalRotation.z
      value: 0
      objectReference: {fileID: 0}
    - target: {fileID: 4116627413283346390, guid: c5055a199086d4a46941e6bc2b3cb200,
        type: 3}
      propertyPath: m_LocalEulerAnglesHint.x
      value: 0
      objectReference: {fileID: 0}
    - target: {fileID: 4116627413283346390, guid: c5055a199086d4a46941e6bc2b3cb200,
        type: 3}
      propertyPath: m_LocalEulerAnglesHint.y
      value: 0
      objectReference: {fileID: 0}
    - target: {fileID: 4116627413283346390, guid: c5055a199086d4a46941e6bc2b3cb200,
        type: 3}
      propertyPath: m_LocalEulerAnglesHint.z
      value: 0
      objectReference: {fileID: 0}
    - target: {fileID: 4116627413283346395, guid: c5055a199086d4a46941e6bc2b3cb200,
        type: 3}
      propertyPath: m_Name
      value: Gold Small
      objectReference: {fileID: 0}
    - target: {fileID: 4116627413283346395, guid: c5055a199086d4a46941e6bc2b3cb200,
        type: 3}
      propertyPath: m_IsActive
      value: 1
      objectReference: {fileID: 0}
    m_RemovedComponents: []
  m_SourcePrefab: {fileID: 100100000, guid: c5055a199086d4a46941e6bc2b3cb200, type: 3}
--- !u!4 &3205885933392438317 stripped
Transform:
  m_CorrespondingSourceObject: {fileID: 4116627413283346390, guid: c5055a199086d4a46941e6bc2b3cb200,
    type: 3}
  m_PrefabInstance: {fileID: 1539292738357605371}
  m_PrefabAsset: {fileID: 0}
--- !u!1001 &1539292738487790373
PrefabInstance:
  m_ObjectHideFlags: 0
  serializedVersion: 2
  m_Modification:
    m_TransformParent: {fileID: 6156717436231374918}
    m_Modifications:
    - target: {fileID: 6268603993516446372, guid: 2e7ba0eb5d8ff194585116b0af65fb41,
        type: 3}
      propertyPath: m_Name
      value: Stone Small (7)
      objectReference: {fileID: 0}
    - target: {fileID: 6268603993516446372, guid: 2e7ba0eb5d8ff194585116b0af65fb41,
        type: 3}
      propertyPath: m_IsActive
      value: 1
      objectReference: {fileID: 0}
    - target: {fileID: 6268603993516446377, guid: 2e7ba0eb5d8ff194585116b0af65fb41,
        type: 3}
      propertyPath: m_RootOrder
      value: 9
      objectReference: {fileID: 0}
    - target: {fileID: 6268603993516446377, guid: 2e7ba0eb5d8ff194585116b0af65fb41,
        type: 3}
      propertyPath: m_LocalScale.x
      value: 2.0917966
      objectReference: {fileID: 0}
    - target: {fileID: 6268603993516446377, guid: 2e7ba0eb5d8ff194585116b0af65fb41,
        type: 3}
      propertyPath: m_LocalScale.y
      value: 2.0458264
      objectReference: {fileID: 0}
    - target: {fileID: 6268603993516446377, guid: 2e7ba0eb5d8ff194585116b0af65fb41,
        type: 3}
      propertyPath: m_LocalPosition.x
      value: -2.9385
      objectReference: {fileID: 0}
    - target: {fileID: 6268603993516446377, guid: 2e7ba0eb5d8ff194585116b0af65fb41,
        type: 3}
      propertyPath: m_LocalPosition.y
      value: -0.519
      objectReference: {fileID: 0}
    - target: {fileID: 6268603993516446377, guid: 2e7ba0eb5d8ff194585116b0af65fb41,
        type: 3}
      propertyPath: m_LocalPosition.z
      value: -0.01
      objectReference: {fileID: 0}
    - target: {fileID: 6268603993516446377, guid: 2e7ba0eb5d8ff194585116b0af65fb41,
        type: 3}
      propertyPath: m_LocalRotation.w
      value: 1
      objectReference: {fileID: 0}
    - target: {fileID: 6268603993516446377, guid: 2e7ba0eb5d8ff194585116b0af65fb41,
        type: 3}
      propertyPath: m_LocalRotation.x
      value: 0
      objectReference: {fileID: 0}
    - target: {fileID: 6268603993516446377, guid: 2e7ba0eb5d8ff194585116b0af65fb41,
        type: 3}
      propertyPath: m_LocalRotation.y
      value: 0
      objectReference: {fileID: 0}
    - target: {fileID: 6268603993516446377, guid: 2e7ba0eb5d8ff194585116b0af65fb41,
        type: 3}
      propertyPath: m_LocalRotation.z
      value: 0
      objectReference: {fileID: 0}
    - target: {fileID: 6268603993516446377, guid: 2e7ba0eb5d8ff194585116b0af65fb41,
        type: 3}
      propertyPath: m_LocalEulerAnglesHint.x
      value: 0
      objectReference: {fileID: 0}
    - target: {fileID: 6268603993516446377, guid: 2e7ba0eb5d8ff194585116b0af65fb41,
        type: 3}
      propertyPath: m_LocalEulerAnglesHint.y
      value: 0
      objectReference: {fileID: 0}
    - target: {fileID: 6268603993516446377, guid: 2e7ba0eb5d8ff194585116b0af65fb41,
        type: 3}
      propertyPath: m_LocalEulerAnglesHint.z
      value: 0
      objectReference: {fileID: 0}
    m_RemovedComponents: []
  m_SourcePrefab: {fileID: 100100000, guid: 2e7ba0eb5d8ff194585116b0af65fb41, type: 3}
--- !u!4 &4873497919975831948 stripped
Transform:
  m_CorrespondingSourceObject: {fileID: 6268603993516446377, guid: 2e7ba0eb5d8ff194585116b0af65fb41,
    type: 3}
  m_PrefabInstance: {fileID: 1539292738487790373}
  m_PrefabAsset: {fileID: 0}
--- !u!1001 &1539292738581564186
PrefabInstance:
  m_ObjectHideFlags: 0
  serializedVersion: 2
  m_Modification:
    m_TransformParent: {fileID: 6156717436231374918}
    m_Modifications:
    - target: {fileID: 5329209494158351216, guid: d2362d99896428740921168235cd367d,
        type: 3}
      propertyPath: m_Name
      value: Bone 1
      objectReference: {fileID: 0}
    - target: {fileID: 5329209494158351227, guid: d2362d99896428740921168235cd367d,
        type: 3}
      propertyPath: m_RootOrder
      value: 13
      objectReference: {fileID: 0}
    - target: {fileID: 5329209494158351227, guid: d2362d99896428740921168235cd367d,
        type: 3}
      propertyPath: m_LocalScale.x
      value: 0.75
      objectReference: {fileID: 0}
    - target: {fileID: 5329209494158351227, guid: d2362d99896428740921168235cd367d,
        type: 3}
      propertyPath: m_LocalScale.y
      value: 0.75
      objectReference: {fileID: 0}
    - target: {fileID: 5329209494158351227, guid: d2362d99896428740921168235cd367d,
        type: 3}
      propertyPath: m_LocalPosition.x
      value: 2.5107
      objectReference: {fileID: 0}
    - target: {fileID: 5329209494158351227, guid: d2362d99896428740921168235cd367d,
        type: 3}
      propertyPath: m_LocalPosition.y
      value: 1.0358
      objectReference: {fileID: 0}
    - target: {fileID: 5329209494158351227, guid: d2362d99896428740921168235cd367d,
        type: 3}
      propertyPath: m_LocalPosition.z
      value: -0.01
      objectReference: {fileID: 0}
    - target: {fileID: 5329209494158351227, guid: d2362d99896428740921168235cd367d,
        type: 3}
      propertyPath: m_LocalRotation.w
      value: 1
      objectReference: {fileID: 0}
    - target: {fileID: 5329209494158351227, guid: d2362d99896428740921168235cd367d,
        type: 3}
      propertyPath: m_LocalRotation.x
      value: 0
      objectReference: {fileID: 0}
    - target: {fileID: 5329209494158351227, guid: d2362d99896428740921168235cd367d,
        type: 3}
      propertyPath: m_LocalRotation.y
      value: 0
      objectReference: {fileID: 0}
    - target: {fileID: 5329209494158351227, guid: d2362d99896428740921168235cd367d,
        type: 3}
      propertyPath: m_LocalRotation.z
      value: 0
      objectReference: {fileID: 0}
    - target: {fileID: 5329209494158351227, guid: d2362d99896428740921168235cd367d,
        type: 3}
      propertyPath: m_LocalEulerAnglesHint.x
      value: 0
      objectReference: {fileID: 0}
    - target: {fileID: 5329209494158351227, guid: d2362d99896428740921168235cd367d,
        type: 3}
      propertyPath: m_LocalEulerAnglesHint.y
      value: 0
      objectReference: {fileID: 0}
    - target: {fileID: 5329209494158351227, guid: d2362d99896428740921168235cd367d,
        type: 3}
      propertyPath: m_LocalEulerAnglesHint.z
      value: 0
      objectReference: {fileID: 0}
    m_RemovedComponents: []
  m_SourcePrefab: {fileID: 100100000, guid: d2362d99896428740921168235cd367d, type: 3}
--- !u!4 &6677023347362795617 stripped
Transform:
  m_CorrespondingSourceObject: {fileID: 5329209494158351227, guid: d2362d99896428740921168235cd367d,
    type: 3}
  m_PrefabInstance: {fileID: 1539292738581564186}
  m_PrefabAsset: {fileID: 0}
--- !u!1001 &1539292738685312129
PrefabInstance:
  m_ObjectHideFlags: 0
  serializedVersion: 2
  m_Modification:
    m_TransformParent: {fileID: 6156717436231374918}
    m_Modifications:
    - target: {fileID: 7152995425394960164, guid: ee3a29fcbd218a642a0d142d6318360d,
        type: 3}
      propertyPath: m_Name
      value: Diamond Small (6)
      objectReference: {fileID: 0}
    - target: {fileID: 7152995425394960164, guid: ee3a29fcbd218a642a0d142d6318360d,
        type: 3}
      propertyPath: m_IsActive
      value: 1
      objectReference: {fileID: 0}
    - target: {fileID: 7152995425394960175, guid: ee3a29fcbd218a642a0d142d6318360d,
        type: 3}
      propertyPath: m_RootOrder
      value: 14
      objectReference: {fileID: 0}
    - target: {fileID: 7152995425394960175, guid: ee3a29fcbd218a642a0d142d6318360d,
        type: 3}
      propertyPath: m_LocalScale.x
      value: 0.5
      objectReference: {fileID: 0}
    - target: {fileID: 7152995425394960175, guid: ee3a29fcbd218a642a0d142d6318360d,
        type: 3}
      propertyPath: m_LocalScale.y
      value: 0.5
      objectReference: {fileID: 0}
    - target: {fileID: 7152995425394960175, guid: ee3a29fcbd218a642a0d142d6318360d,
        type: 3}
      propertyPath: m_LocalPosition.x
      value: 10.6374
      objectReference: {fileID: 0}
    - target: {fileID: 7152995425394960175, guid: ee3a29fcbd218a642a0d142d6318360d,
        type: 3}
      propertyPath: m_LocalPosition.y
      value: -1.3169
      objectReference: {fileID: 0}
    - target: {fileID: 7152995425394960175, guid: ee3a29fcbd218a642a0d142d6318360d,
        type: 3}
      propertyPath: m_LocalPosition.z
      value: -0.01
      objectReference: {fileID: 0}
    - target: {fileID: 7152995425394960175, guid: ee3a29fcbd218a642a0d142d6318360d,
        type: 3}
      propertyPath: m_LocalRotation.w
      value: 1
      objectReference: {fileID: 0}
    - target: {fileID: 7152995425394960175, guid: ee3a29fcbd218a642a0d142d6318360d,
        type: 3}
      propertyPath: m_LocalRotation.x
      value: -0
      objectReference: {fileID: 0}
    - target: {fileID: 7152995425394960175, guid: ee3a29fcbd218a642a0d142d6318360d,
        type: 3}
      propertyPath: m_LocalRotation.y
      value: -0
      objectReference: {fileID: 0}
    - target: {fileID: 7152995425394960175, guid: ee3a29fcbd218a642a0d142d6318360d,
        type: 3}
      propertyPath: m_LocalRotation.z
      value: -0
      objectReference: {fileID: 0}
    - target: {fileID: 7152995425394960175, guid: ee3a29fcbd218a642a0d142d6318360d,
        type: 3}
      propertyPath: m_LocalEulerAnglesHint.x
      value: 0
      objectReference: {fileID: 0}
    - target: {fileID: 7152995425394960175, guid: ee3a29fcbd218a642a0d142d6318360d,
        type: 3}
      propertyPath: m_LocalEulerAnglesHint.y
      value: 0
      objectReference: {fileID: 0}
    - target: {fileID: 7152995425394960175, guid: ee3a29fcbd218a642a0d142d6318360d,
        type: 3}
      propertyPath: m_LocalEulerAnglesHint.z
      value: 0
      objectReference: {fileID: 0}
    m_RemovedComponents: []
  m_SourcePrefab: {fileID: 100100000, guid: ee3a29fcbd218a642a0d142d6318360d, type: 3}
--- !u!4 &8509588775897414574 stripped
Transform:
  m_CorrespondingSourceObject: {fileID: 7152995425394960175, guid: ee3a29fcbd218a642a0d142d6318360d,
    type: 3}
  m_PrefabInstance: {fileID: 1539292738685312129}
  m_PrefabAsset: {fileID: 0}
--- !u!1001 &1539292738692823199
PrefabInstance:
  m_ObjectHideFlags: 0
  serializedVersion: 2
  m_Modification:
    m_TransformParent: {fileID: 6156717436231374918}
    m_Modifications:
    - target: {fileID: 2977712226111650403, guid: 088332f981ce5fe41ad2f639e8dc6330,
        type: 3}
      propertyPath: m_Name
      value: Stone Large (1)
      objectReference: {fileID: 0}
    - target: {fileID: 2977712226111650403, guid: 088332f981ce5fe41ad2f639e8dc6330,
        type: 3}
      propertyPath: m_IsActive
      value: 1
      objectReference: {fileID: 0}
    - target: {fileID: 2977712226111650414, guid: 088332f981ce5fe41ad2f639e8dc6330,
        type: 3}
      propertyPath: m_RootOrder
      value: 12
      objectReference: {fileID: 0}
    - target: {fileID: 2977712226111650414, guid: 088332f981ce5fe41ad2f639e8dc6330,
        type: 3}
      propertyPath: m_LocalScale.x
      value: 2.0917966
      objectReference: {fileID: 0}
    - target: {fileID: 2977712226111650414, guid: 088332f981ce5fe41ad2f639e8dc6330,
        type: 3}
      propertyPath: m_LocalScale.y
      value: 2.0458264
      objectReference: {fileID: 0}
    - target: {fileID: 2977712226111650414, guid: 088332f981ce5fe41ad2f639e8dc6330,
        type: 3}
      propertyPath: m_LocalPosition.x
      value: 7.3741
      objectReference: {fileID: 0}
    - target: {fileID: 2977712226111650414, guid: 088332f981ce5fe41ad2f639e8dc6330,
        type: 3}
      propertyPath: m_LocalPosition.y
      value: -1.3782
      objectReference: {fileID: 0}
    - target: {fileID: 2977712226111650414, guid: 088332f981ce5fe41ad2f639e8dc6330,
        type: 3}
      propertyPath: m_LocalPosition.z
      value: -0.01
      objectReference: {fileID: 0}
    - target: {fileID: 2977712226111650414, guid: 088332f981ce5fe41ad2f639e8dc6330,
        type: 3}
      propertyPath: m_LocalRotation.w
      value: 1
      objectReference: {fileID: 0}
    - target: {fileID: 2977712226111650414, guid: 088332f981ce5fe41ad2f639e8dc6330,
        type: 3}
      propertyPath: m_LocalRotation.x
      value: 0
      objectReference: {fileID: 0}
    - target: {fileID: 2977712226111650414, guid: 088332f981ce5fe41ad2f639e8dc6330,
        type: 3}
      propertyPath: m_LocalRotation.y
      value: 0
      objectReference: {fileID: 0}
    - target: {fileID: 2977712226111650414, guid: 088332f981ce5fe41ad2f639e8dc6330,
        type: 3}
      propertyPath: m_LocalRotation.z
      value: 0
      objectReference: {fileID: 0}
    - target: {fileID: 2977712226111650414, guid: 088332f981ce5fe41ad2f639e8dc6330,
        type: 3}
      propertyPath: m_LocalEulerAnglesHint.x
      value: 0
      objectReference: {fileID: 0}
    - target: {fileID: 2977712226111650414, guid: 088332f981ce5fe41ad2f639e8dc6330,
        type: 3}
      propertyPath: m_LocalEulerAnglesHint.y
      value: 0
      objectReference: {fileID: 0}
    - target: {fileID: 2977712226111650414, guid: 088332f981ce5fe41ad2f639e8dc6330,
        type: 3}
      propertyPath: m_LocalEulerAnglesHint.z
      value: 0
      objectReference: {fileID: 0}
    m_RemovedComponents: []
  m_SourcePrefab: {fileID: 100100000, guid: 088332f981ce5fe41ad2f639e8dc6330, type: 3}
--- !u!4 &4327501746946917105 stripped
Transform:
  m_CorrespondingSourceObject: {fileID: 2977712226111650414, guid: 088332f981ce5fe41ad2f639e8dc6330,
    type: 3}
  m_PrefabInstance: {fileID: 1539292738692823199}
  m_PrefabAsset: {fileID: 0}
--- !u!1001 &1539292738873367726
PrefabInstance:
  m_ObjectHideFlags: 0
  serializedVersion: 2
  m_Modification:
    m_TransformParent: {fileID: 6156717436231374918}
    m_Modifications:
    - target: {fileID: 6268603993516446372, guid: 2e7ba0eb5d8ff194585116b0af65fb41,
        type: 3}
      propertyPath: m_Name
      value: Stone Small (1)
      objectReference: {fileID: 0}
    - target: {fileID: 6268603993516446372, guid: 2e7ba0eb5d8ff194585116b0af65fb41,
        type: 3}
      propertyPath: m_IsActive
      value: 1
      objectReference: {fileID: 0}
    - target: {fileID: 6268603993516446377, guid: 2e7ba0eb5d8ff194585116b0af65fb41,
        type: 3}
      propertyPath: m_RootOrder
      value: 10
      objectReference: {fileID: 0}
    - target: {fileID: 6268603993516446377, guid: 2e7ba0eb5d8ff194585116b0af65fb41,
        type: 3}
      propertyPath: m_LocalScale.x
      value: 2.0917966
      objectReference: {fileID: 0}
    - target: {fileID: 6268603993516446377, guid: 2e7ba0eb5d8ff194585116b0af65fb41,
        type: 3}
      propertyPath: m_LocalScale.y
      value: 2.0458264
      objectReference: {fileID: 0}
    - target: {fileID: 6268603993516446377, guid: 2e7ba0eb5d8ff194585116b0af65fb41,
        type: 3}
      propertyPath: m_LocalPosition.x
      value: 8.9849
      objectReference: {fileID: 0}
    - target: {fileID: 6268603993516446377, guid: 2e7ba0eb5d8ff194585116b0af65fb41,
        type: 3}
      propertyPath: m_LocalPosition.y
      value: 2.1917
      objectReference: {fileID: 0}
    - target: {fileID: 6268603993516446377, guid: 2e7ba0eb5d8ff194585116b0af65fb41,
        type: 3}
      propertyPath: m_LocalPosition.z
      value: -0.01
      objectReference: {fileID: 0}
    - target: {fileID: 6268603993516446377, guid: 2e7ba0eb5d8ff194585116b0af65fb41,
        type: 3}
      propertyPath: m_LocalRotation.w
      value: 1
      objectReference: {fileID: 0}
    - target: {fileID: 6268603993516446377, guid: 2e7ba0eb5d8ff194585116b0af65fb41,
        type: 3}
      propertyPath: m_LocalRotation.x
      value: 0
      objectReference: {fileID: 0}
    - target: {fileID: 6268603993516446377, guid: 2e7ba0eb5d8ff194585116b0af65fb41,
        type: 3}
      propertyPath: m_LocalRotation.y
      value: 0
      objectReference: {fileID: 0}
    - target: {fileID: 6268603993516446377, guid: 2e7ba0eb5d8ff194585116b0af65fb41,
        type: 3}
      propertyPath: m_LocalRotation.z
      value: 0
      objectReference: {fileID: 0}
    - target: {fileID: 6268603993516446377, guid: 2e7ba0eb5d8ff194585116b0af65fb41,
        type: 3}
      propertyPath: m_LocalEulerAnglesHint.x
      value: 0
      objectReference: {fileID: 0}
    - target: {fileID: 6268603993516446377, guid: 2e7ba0eb5d8ff194585116b0af65fb41,
        type: 3}
      propertyPath: m_LocalEulerAnglesHint.y
      value: 0
      objectReference: {fileID: 0}
    - target: {fileID: 6268603993516446377, guid: 2e7ba0eb5d8ff194585116b0af65fb41,
        type: 3}
      propertyPath: m_LocalEulerAnglesHint.z
      value: 0
      objectReference: {fileID: 0}
    m_RemovedComponents: []
  m_SourcePrefab: {fileID: 100100000, guid: 2e7ba0eb5d8ff194585116b0af65fb41, type: 3}
--- !u!4 &4873497920663850503 stripped
Transform:
  m_CorrespondingSourceObject: {fileID: 6268603993516446377, guid: 2e7ba0eb5d8ff194585116b0af65fb41,
    type: 3}
  m_PrefabInstance: {fileID: 1539292738873367726}
  m_PrefabAsset: {fileID: 0}
--- !u!1001 &1539292739174317944
PrefabInstance:
  m_ObjectHideFlags: 0
  serializedVersion: 2
  m_Modification:
    m_TransformParent: {fileID: 6156717436231374918}
    m_Modifications:
    - target: {fileID: 929992641055090229, guid: 203d77f8f3728cc4bbad9da590b91673,
        type: 3}
      propertyPath: m_RootOrder
      value: 6
      objectReference: {fileID: 0}
    - target: {fileID: 929992641055090229, guid: 203d77f8f3728cc4bbad9da590b91673,
        type: 3}
      propertyPath: m_LocalScale.x
      value: 2.0917966
      objectReference: {fileID: 0}
    - target: {fileID: 929992641055090229, guid: 203d77f8f3728cc4bbad9da590b91673,
        type: 3}
      propertyPath: m_LocalScale.y
      value: 2.0458264
      objectReference: {fileID: 0}
    - target: {fileID: 929992641055090229, guid: 203d77f8f3728cc4bbad9da590b91673,
        type: 3}
      propertyPath: m_LocalPosition.x
      value: 10.742
      objectReference: {fileID: 0}
    - target: {fileID: 929992641055090229, guid: 203d77f8f3728cc4bbad9da590b91673,
        type: 3}
      propertyPath: m_LocalPosition.y
      value: 2.6213
      objectReference: {fileID: 0}
    - target: {fileID: 929992641055090229, guid: 203d77f8f3728cc4bbad9da590b91673,
        type: 3}
      propertyPath: m_LocalPosition.z
      value: -0.01
      objectReference: {fileID: 0}
    - target: {fileID: 929992641055090229, guid: 203d77f8f3728cc4bbad9da590b91673,
        type: 3}
      propertyPath: m_LocalRotation.w
      value: 1
      objectReference: {fileID: 0}
    - target: {fileID: 929992641055090229, guid: 203d77f8f3728cc4bbad9da590b91673,
        type: 3}
      propertyPath: m_LocalRotation.x
      value: 0
      objectReference: {fileID: 0}
    - target: {fileID: 929992641055090229, guid: 203d77f8f3728cc4bbad9da590b91673,
        type: 3}
      propertyPath: m_LocalRotation.y
      value: 0
      objectReference: {fileID: 0}
    - target: {fileID: 929992641055090229, guid: 203d77f8f3728cc4bbad9da590b91673,
        type: 3}
      propertyPath: m_LocalRotation.z
      value: 0
      objectReference: {fileID: 0}
    - target: {fileID: 929992641055090229, guid: 203d77f8f3728cc4bbad9da590b91673,
        type: 3}
      propertyPath: m_LocalEulerAnglesHint.x
      value: 0
      objectReference: {fileID: 0}
    - target: {fileID: 929992641055090229, guid: 203d77f8f3728cc4bbad9da590b91673,
        type: 3}
      propertyPath: m_LocalEulerAnglesHint.y
      value: 0
      objectReference: {fileID: 0}
    - target: {fileID: 929992641055090229, guid: 203d77f8f3728cc4bbad9da590b91673,
        type: 3}
      propertyPath: m_LocalEulerAnglesHint.z
      value: 0
      objectReference: {fileID: 0}
    - target: {fileID: 929992641055090232, guid: 203d77f8f3728cc4bbad9da590b91673,
        type: 3}
      propertyPath: m_Name
      value: Gold Medium (3)
      objectReference: {fileID: 0}
    - target: {fileID: 929992641055090232, guid: 203d77f8f3728cc4bbad9da590b91673,
        type: 3}
      propertyPath: m_IsActive
      value: 1
      objectReference: {fileID: 0}
    m_RemovedComponents: []
  m_SourcePrefab: {fileID: 100100000, guid: 203d77f8f3728cc4bbad9da590b91673, type: 3}
--- !u!4 &1854170186878441805 stripped
Transform:
  m_CorrespondingSourceObject: {fileID: 929992641055090229, guid: 203d77f8f3728cc4bbad9da590b91673,
    type: 3}
  m_PrefabInstance: {fileID: 1539292739174317944}
  m_PrefabAsset: {fileID: 0}
--- !u!1001 &1539292739495991951
PrefabInstance:
  m_ObjectHideFlags: 0
  serializedVersion: 2
  m_Modification:
    m_TransformParent: {fileID: 6156717436231374918}
    m_Modifications:
    - target: {fileID: 4213247520254764433, guid: 61e1f835841bbb54ba602c6bd1651834,
        type: 3}
      propertyPath: m_RootOrder
      value: 8
      objectReference: {fileID: 0}
    - target: {fileID: 4213247520254764433, guid: 61e1f835841bbb54ba602c6bd1651834,
        type: 3}
      propertyPath: m_LocalScale.x
      value: 2.0917966
      objectReference: {fileID: 0}
    - target: {fileID: 4213247520254764433, guid: 61e1f835841bbb54ba602c6bd1651834,
        type: 3}
      propertyPath: m_LocalScale.y
      value: 2.0458264
      objectReference: {fileID: 0}
    - target: {fileID: 4213247520254764433, guid: 61e1f835841bbb54ba602c6bd1651834,
        type: 3}
      propertyPath: m_LocalPosition.x
      value: 0.4816
      objectReference: {fileID: 0}
    - target: {fileID: 4213247520254764433, guid: 61e1f835841bbb54ba602c6bd1651834,
        type: 3}
      propertyPath: m_LocalPosition.y
      value: 0.238
      objectReference: {fileID: 0}
    - target: {fileID: 4213247520254764433, guid: 61e1f835841bbb54ba602c6bd1651834,
        type: 3}
      propertyPath: m_LocalPosition.z
      value: -0.01
      objectReference: {fileID: 0}
    - target: {fileID: 4213247520254764433, guid: 61e1f835841bbb54ba602c6bd1651834,
        type: 3}
      propertyPath: m_LocalRotation.w
      value: 1
      objectReference: {fileID: 0}
    - target: {fileID: 4213247520254764433, guid: 61e1f835841bbb54ba602c6bd1651834,
        type: 3}
      propertyPath: m_LocalRotation.x
      value: 0
      objectReference: {fileID: 0}
    - target: {fileID: 4213247520254764433, guid: 61e1f835841bbb54ba602c6bd1651834,
        type: 3}
      propertyPath: m_LocalRotation.y
      value: 0
      objectReference: {fileID: 0}
    - target: {fileID: 4213247520254764433, guid: 61e1f835841bbb54ba602c6bd1651834,
        type: 3}
      propertyPath: m_LocalRotation.z
      value: 0
      objectReference: {fileID: 0}
    - target: {fileID: 4213247520254764433, guid: 61e1f835841bbb54ba602c6bd1651834,
        type: 3}
      propertyPath: m_LocalEulerAnglesHint.x
      value: 0
      objectReference: {fileID: 0}
    - target: {fileID: 4213247520254764433, guid: 61e1f835841bbb54ba602c6bd1651834,
        type: 3}
      propertyPath: m_LocalEulerAnglesHint.y
      value: 0
      objectReference: {fileID: 0}
    - target: {fileID: 4213247520254764433, guid: 61e1f835841bbb54ba602c6bd1651834,
        type: 3}
      propertyPath: m_LocalEulerAnglesHint.z
      value: 0
      objectReference: {fileID: 0}
    - target: {fileID: 4213247520254764444, guid: 61e1f835841bbb54ba602c6bd1651834,
        type: 3}
      propertyPath: m_Name
      value: Gold Large (4)
      objectReference: {fileID: 0}
    - target: {fileID: 4213247520254764444, guid: 61e1f835841bbb54ba602c6bd1651834,
        type: 3}
      propertyPath: m_IsActive
      value: 1
      objectReference: {fileID: 0}
    m_RemovedComponents: []
  m_SourcePrefab: {fileID: 100100000, guid: 61e1f835841bbb54ba602c6bd1651834, type: 3}
--- !u!4 &3397082853399052062 stripped
Transform:
  m_CorrespondingSourceObject: {fileID: 4213247520254764433, guid: 61e1f835841bbb54ba602c6bd1651834,
    type: 3}
  m_PrefabInstance: {fileID: 1539292739495991951}
  m_PrefabAsset: {fileID: 0}
--- !u!1001 &1539292739747617800
PrefabInstance:
  m_ObjectHideFlags: 0
  serializedVersion: 2
  m_Modification:
    m_TransformParent: {fileID: 6156717436231374918}
    m_Modifications:
    - target: {fileID: 7152995425394960164, guid: ee3a29fcbd218a642a0d142d6318360d,
        type: 3}
      propertyPath: m_Name
      value: Diamond Small (1)
      objectReference: {fileID: 0}
    - target: {fileID: 7152995425394960164, guid: ee3a29fcbd218a642a0d142d6318360d,
        type: 3}
      propertyPath: m_IsActive
      value: 1
      objectReference: {fileID: 0}
    - target: {fileID: 7152995425394960175, guid: ee3a29fcbd218a642a0d142d6318360d,
        type: 3}
      propertyPath: m_RootOrder
      value: 0
      objectReference: {fileID: 0}
    - target: {fileID: 7152995425394960175, guid: ee3a29fcbd218a642a0d142d6318360d,
        type: 3}
      propertyPath: m_LocalScale.x
      value: 0.5
      objectReference: {fileID: 0}
    - target: {fileID: 7152995425394960175, guid: ee3a29fcbd218a642a0d142d6318360d,
        type: 3}
      propertyPath: m_LocalScale.y
      value: 0.5
      objectReference: {fileID: 0}
    - target: {fileID: 7152995425394960175, guid: ee3a29fcbd218a642a0d142d6318360d,
        type: 3}
      propertyPath: m_LocalPosition.x
      value: -0.9911
      objectReference: {fileID: 0}
    - target: {fileID: 7152995425394960175, guid: ee3a29fcbd218a642a0d142d6318360d,
        type: 3}
      propertyPath: m_LocalPosition.y
      value: 0.1194
      objectReference: {fileID: 0}
    - target: {fileID: 7152995425394960175, guid: ee3a29fcbd218a642a0d142d6318360d,
        type: 3}
      propertyPath: m_LocalPosition.z
      value: -0.01
      objectReference: {fileID: 0}
    - target: {fileID: 7152995425394960175, guid: ee3a29fcbd218a642a0d142d6318360d,
        type: 3}
      propertyPath: m_LocalRotation.w
      value: 1
      objectReference: {fileID: 0}
    - target: {fileID: 7152995425394960175, guid: ee3a29fcbd218a642a0d142d6318360d,
        type: 3}
      propertyPath: m_LocalRotation.x
      value: -0
      objectReference: {fileID: 0}
    - target: {fileID: 7152995425394960175, guid: ee3a29fcbd218a642a0d142d6318360d,
        type: 3}
      propertyPath: m_LocalRotation.y
      value: -0
      objectReference: {fileID: 0}
    - target: {fileID: 7152995425394960175, guid: ee3a29fcbd218a642a0d142d6318360d,
        type: 3}
      propertyPath: m_LocalRotation.z
      value: -0
      objectReference: {fileID: 0}
    - target: {fileID: 7152995425394960175, guid: ee3a29fcbd218a642a0d142d6318360d,
        type: 3}
      propertyPath: m_LocalEulerAnglesHint.x
      value: 0
      objectReference: {fileID: 0}
    - target: {fileID: 7152995425394960175, guid: ee3a29fcbd218a642a0d142d6318360d,
        type: 3}
      propertyPath: m_LocalEulerAnglesHint.y
      value: 0
      objectReference: {fileID: 0}
    - target: {fileID: 7152995425394960175, guid: ee3a29fcbd218a642a0d142d6318360d,
        type: 3}
      propertyPath: m_LocalEulerAnglesHint.z
      value: 0
      objectReference: {fileID: 0}
    m_RemovedComponents: []
  m_SourcePrefab: {fileID: 100100000, guid: ee3a29fcbd218a642a0d142d6318360d, type: 3}
--- !u!4 &8509588774879476519 stripped
Transform:
  m_CorrespondingSourceObject: {fileID: 7152995425394960175, guid: ee3a29fcbd218a642a0d142d6318360d,
    type: 3}
  m_PrefabInstance: {fileID: 1539292739747617800}
  m_PrefabAsset: {fileID: 0}
--- !u!1001 &1958632014957384104
PrefabInstance:
  m_ObjectHideFlags: 0
  serializedVersion: 2
  m_Modification:
    m_TransformParent: {fileID: 6156717436231374918}
    m_Modifications:
    - target: {fileID: 929992641055090229, guid: 203d77f8f3728cc4bbad9da590b91673,
        type: 3}
      propertyPath: m_RootOrder
      value: 20
      objectReference: {fileID: 0}
    - target: {fileID: 929992641055090229, guid: 203d77f8f3728cc4bbad9da590b91673,
        type: 3}
      propertyPath: m_LocalScale.x
      value: 2.0917966
      objectReference: {fileID: 0}
    - target: {fileID: 929992641055090229, guid: 203d77f8f3728cc4bbad9da590b91673,
        type: 3}
      propertyPath: m_LocalScale.y
      value: 2.0458264
      objectReference: {fileID: 0}
    - target: {fileID: 929992641055090229, guid: 203d77f8f3728cc4bbad9da590b91673,
        type: 3}
      propertyPath: m_LocalPosition.x
      value: 8.66
      objectReference: {fileID: 0}
    - target: {fileID: 929992641055090229, guid: 203d77f8f3728cc4bbad9da590b91673,
        type: 3}
      propertyPath: m_LocalPosition.y
      value: 0.58
      objectReference: {fileID: 0}
    - target: {fileID: 929992641055090229, guid: 203d77f8f3728cc4bbad9da590b91673,
        type: 3}
      propertyPath: m_LocalPosition.z
      value: -0.01
      objectReference: {fileID: 0}
    - target: {fileID: 929992641055090229, guid: 203d77f8f3728cc4bbad9da590b91673,
        type: 3}
      propertyPath: m_LocalRotation.w
      value: 1
      objectReference: {fileID: 0}
    - target: {fileID: 929992641055090229, guid: 203d77f8f3728cc4bbad9da590b91673,
        type: 3}
      propertyPath: m_LocalRotation.x
      value: 0
      objectReference: {fileID: 0}
    - target: {fileID: 929992641055090229, guid: 203d77f8f3728cc4bbad9da590b91673,
        type: 3}
      propertyPath: m_LocalRotation.y
      value: 0
      objectReference: {fileID: 0}
    - target: {fileID: 929992641055090229, guid: 203d77f8f3728cc4bbad9da590b91673,
        type: 3}
      propertyPath: m_LocalRotation.z
      value: 0
      objectReference: {fileID: 0}
    - target: {fileID: 929992641055090229, guid: 203d77f8f3728cc4bbad9da590b91673,
        type: 3}
      propertyPath: m_LocalEulerAnglesHint.x
      value: 0
      objectReference: {fileID: 0}
    - target: {fileID: 929992641055090229, guid: 203d77f8f3728cc4bbad9da590b91673,
        type: 3}
      propertyPath: m_LocalEulerAnglesHint.y
      value: 0
      objectReference: {fileID: 0}
    - target: {fileID: 929992641055090229, guid: 203d77f8f3728cc4bbad9da590b91673,
        type: 3}
      propertyPath: m_LocalEulerAnglesHint.z
      value: 0
      objectReference: {fileID: 0}
    - target: {fileID: 929992641055090232, guid: 203d77f8f3728cc4bbad9da590b91673,
        type: 3}
      propertyPath: m_Name
      value: Gold Medium (5)
      objectReference: {fileID: 0}
    - target: {fileID: 929992641055090232, guid: 203d77f8f3728cc4bbad9da590b91673,
        type: 3}
      propertyPath: m_IsActive
      value: 1
      objectReference: {fileID: 0}
    m_RemovedComponents: []
  m_SourcePrefab: {fileID: 100100000, guid: 203d77f8f3728cc4bbad9da590b91673, type: 3}
--- !u!4 &1714052941174732701 stripped
Transform:
  m_CorrespondingSourceObject: {fileID: 929992641055090229, guid: 203d77f8f3728cc4bbad9da590b91673,
    type: 3}
  m_PrefabInstance: {fileID: 1958632014957384104}
  m_PrefabAsset: {fileID: 0}
--- !u!1001 &1968191271465643950
PrefabInstance:
  m_ObjectHideFlags: 0
  serializedVersion: 2
  m_Modification:
    m_TransformParent: {fileID: 6156717436231374918}
    m_Modifications:
    - target: {fileID: 7152995425394960164, guid: ee3a29fcbd218a642a0d142d6318360d,
        type: 3}
      propertyPath: m_Name
      value: Diamond Small (5)
      objectReference: {fileID: 0}
    - target: {fileID: 7152995425394960164, guid: ee3a29fcbd218a642a0d142d6318360d,
        type: 3}
      propertyPath: m_IsActive
      value: 1
      objectReference: {fileID: 0}
    - target: {fileID: 7152995425394960175, guid: ee3a29fcbd218a642a0d142d6318360d,
        type: 3}
      propertyPath: m_RootOrder
      value: 4
      objectReference: {fileID: 0}
    - target: {fileID: 7152995425394960175, guid: ee3a29fcbd218a642a0d142d6318360d,
        type: 3}
      propertyPath: m_LocalScale.x
      value: 0.5
      objectReference: {fileID: 0}
    - target: {fileID: 7152995425394960175, guid: ee3a29fcbd218a642a0d142d6318360d,
        type: 3}
      propertyPath: m_LocalScale.y
      value: 0.5
      objectReference: {fileID: 0}
    - target: {fileID: 7152995425394960175, guid: ee3a29fcbd218a642a0d142d6318360d,
        type: 3}
      propertyPath: m_LocalPosition.x
      value: -2.8967
      objectReference: {fileID: 0}
    - target: {fileID: 7152995425394960175, guid: ee3a29fcbd218a642a0d142d6318360d,
        type: 3}
      propertyPath: m_LocalPosition.y
      value: -1.0816
      objectReference: {fileID: 0}
    - target: {fileID: 7152995425394960175, guid: ee3a29fcbd218a642a0d142d6318360d,
        type: 3}
      propertyPath: m_LocalPosition.z
      value: -0.01
      objectReference: {fileID: 0}
    - target: {fileID: 7152995425394960175, guid: ee3a29fcbd218a642a0d142d6318360d,
        type: 3}
      propertyPath: m_LocalRotation.w
      value: 1
      objectReference: {fileID: 0}
    - target: {fileID: 7152995425394960175, guid: ee3a29fcbd218a642a0d142d6318360d,
        type: 3}
      propertyPath: m_LocalRotation.x
      value: -0
      objectReference: {fileID: 0}
    - target: {fileID: 7152995425394960175, guid: ee3a29fcbd218a642a0d142d6318360d,
        type: 3}
      propertyPath: m_LocalRotation.y
      value: -0
      objectReference: {fileID: 0}
    - target: {fileID: 7152995425394960175, guid: ee3a29fcbd218a642a0d142d6318360d,
        type: 3}
      propertyPath: m_LocalRotation.z
      value: -0
      objectReference: {fileID: 0}
    - target: {fileID: 7152995425394960175, guid: ee3a29fcbd218a642a0d142d6318360d,
        type: 3}
      propertyPath: m_LocalEulerAnglesHint.x
      value: 0
      objectReference: {fileID: 0}
    - target: {fileID: 7152995425394960175, guid: ee3a29fcbd218a642a0d142d6318360d,
        type: 3}
      propertyPath: m_LocalEulerAnglesHint.y
      value: 0
      objectReference: {fileID: 0}
    - target: {fileID: 7152995425394960175, guid: ee3a29fcbd218a642a0d142d6318360d,
        type: 3}
      propertyPath: m_LocalEulerAnglesHint.z
      value: 0
      objectReference: {fileID: 0}
    m_RemovedComponents: []
  m_SourcePrefab: {fileID: 100100000, guid: ee3a29fcbd218a642a0d142d6318360d, type: 3}
--- !u!4 &8652788141504252033 stripped
Transform:
  m_CorrespondingSourceObject: {fileID: 7152995425394960175, guid: ee3a29fcbd218a642a0d142d6318360d,
    type: 3}
  m_PrefabInstance: {fileID: 1968191271465643950}
  m_PrefabAsset: {fileID: 0}
--- !u!1001 &2037186928305898863
PrefabInstance:
  m_ObjectHideFlags: 0
  serializedVersion: 2
  m_Modification:
    m_TransformParent: {fileID: 6156717436231374918}
    m_Modifications:
    - target: {fileID: 2977712226111650403, guid: 088332f981ce5fe41ad2f639e8dc6330,
        type: 3}
      propertyPath: m_Name
      value: Stone Large
      objectReference: {fileID: 0}
    - target: {fileID: 2977712226111650403, guid: 088332f981ce5fe41ad2f639e8dc6330,
        type: 3}
      propertyPath: m_IsActive
      value: 1
      objectReference: {fileID: 0}
    - target: {fileID: 2977712226111650414, guid: 088332f981ce5fe41ad2f639e8dc6330,
        type: 3}
      propertyPath: m_RootOrder
      value: 11
      objectReference: {fileID: 0}
    - target: {fileID: 2977712226111650414, guid: 088332f981ce5fe41ad2f639e8dc6330,
        type: 3}
      propertyPath: m_LocalScale.x
      value: 2.0917966
      objectReference: {fileID: 0}
    - target: {fileID: 2977712226111650414, guid: 088332f981ce5fe41ad2f639e8dc6330,
        type: 3}
      propertyPath: m_LocalScale.y
      value: 2.0458264
      objectReference: {fileID: 0}
    - target: {fileID: 2977712226111650414, guid: 088332f981ce5fe41ad2f639e8dc6330,
        type: 3}
      propertyPath: m_LocalPosition.x
      value: -3.1164
      objectReference: {fileID: 0}
    - target: {fileID: 2977712226111650414, guid: 088332f981ce5fe41ad2f639e8dc6330,
        type: 3}
      propertyPath: m_LocalPosition.y
      value: 2.4883
      objectReference: {fileID: 0}
    - target: {fileID: 2977712226111650414, guid: 088332f981ce5fe41ad2f639e8dc6330,
        type: 3}
      propertyPath: m_LocalPosition.z
      value: -0.01
      objectReference: {fileID: 0}
    - target: {fileID: 2977712226111650414, guid: 088332f981ce5fe41ad2f639e8dc6330,
        type: 3}
      propertyPath: m_LocalRotation.w
      value: 1
      objectReference: {fileID: 0}
    - target: {fileID: 2977712226111650414, guid: 088332f981ce5fe41ad2f639e8dc6330,
        type: 3}
      propertyPath: m_LocalRotation.x
      value: 0
      objectReference: {fileID: 0}
    - target: {fileID: 2977712226111650414, guid: 088332f981ce5fe41ad2f639e8dc6330,
        type: 3}
      propertyPath: m_LocalRotation.y
      value: 0
      objectReference: {fileID: 0}
    - target: {fileID: 2977712226111650414, guid: 088332f981ce5fe41ad2f639e8dc6330,
        type: 3}
      propertyPath: m_LocalRotation.z
      value: 0
      objectReference: {fileID: 0}
    - target: {fileID: 2977712226111650414, guid: 088332f981ce5fe41ad2f639e8dc6330,
        type: 3}
      propertyPath: m_LocalEulerAnglesHint.x
      value: 0
      objectReference: {fileID: 0}
    - target: {fileID: 2977712226111650414, guid: 088332f981ce5fe41ad2f639e8dc6330,
        type: 3}
      propertyPath: m_LocalEulerAnglesHint.y
      value: 0
      objectReference: {fileID: 0}
    - target: {fileID: 2977712226111650414, guid: 088332f981ce5fe41ad2f639e8dc6330,
        type: 3}
      propertyPath: m_LocalEulerAnglesHint.z
      value: 0
      objectReference: {fileID: 0}
    m_RemovedComponents: []
  m_SourcePrefab: {fileID: 100100000, guid: 088332f981ce5fe41ad2f639e8dc6330, type: 3}
--- !u!4 &3825666913934442241 stripped
Transform:
  m_CorrespondingSourceObject: {fileID: 2977712226111650414, guid: 088332f981ce5fe41ad2f639e8dc6330,
    type: 3}
  m_PrefabInstance: {fileID: 2037186928305898863}
  m_PrefabAsset: {fileID: 0}
--- !u!1001 &3014904918824551928
PrefabInstance:
  m_ObjectHideFlags: 0
  serializedVersion: 2
  m_Modification:
    m_TransformParent: {fileID: 6156717436231374918}
    m_Modifications:
    - target: {fileID: 6268603993516446372, guid: 2e7ba0eb5d8ff194585116b0af65fb41,
        type: 3}
      propertyPath: m_Name
      value: Stone Small (3)
      objectReference: {fileID: 0}
    - target: {fileID: 6268603993516446372, guid: 2e7ba0eb5d8ff194585116b0af65fb41,
        type: 3}
      propertyPath: m_IsActive
      value: 1
      objectReference: {fileID: 0}
    - target: {fileID: 6268603993516446377, guid: 2e7ba0eb5d8ff194585116b0af65fb41,
        type: 3}
      propertyPath: m_RootOrder
      value: 18
      objectReference: {fileID: 0}
    - target: {fileID: 6268603993516446377, guid: 2e7ba0eb5d8ff194585116b0af65fb41,
        type: 3}
      propertyPath: m_LocalScale.x
      value: 2.0917966
      objectReference: {fileID: 0}
    - target: {fileID: 6268603993516446377, guid: 2e7ba0eb5d8ff194585116b0af65fb41,
        type: 3}
      propertyPath: m_LocalScale.y
      value: 2.0458264
      objectReference: {fileID: 0}
    - target: {fileID: 6268603993516446377, guid: 2e7ba0eb5d8ff194585116b0af65fb41,
        type: 3}
      propertyPath: m_LocalPosition.x
      value: 5.6934013
      objectReference: {fileID: 0}
    - target: {fileID: 6268603993516446377, guid: 2e7ba0eb5d8ff194585116b0af65fb41,
        type: 3}
      propertyPath: m_LocalPosition.y
      value: 0.7474575
      objectReference: {fileID: 0}
    - target: {fileID: 6268603993516446377, guid: 2e7ba0eb5d8ff194585116b0af65fb41,
        type: 3}
      propertyPath: m_LocalPosition.z
      value: -0.01
      objectReference: {fileID: 0}
    - target: {fileID: 6268603993516446377, guid: 2e7ba0eb5d8ff194585116b0af65fb41,
        type: 3}
      propertyPath: m_LocalRotation.w
      value: 1
      objectReference: {fileID: 0}
    - target: {fileID: 6268603993516446377, guid: 2e7ba0eb5d8ff194585116b0af65fb41,
        type: 3}
      propertyPath: m_LocalRotation.x
      value: 0
      objectReference: {fileID: 0}
    - target: {fileID: 6268603993516446377, guid: 2e7ba0eb5d8ff194585116b0af65fb41,
        type: 3}
      propertyPath: m_LocalRotation.y
      value: 0
      objectReference: {fileID: 0}
    - target: {fileID: 6268603993516446377, guid: 2e7ba0eb5d8ff194585116b0af65fb41,
        type: 3}
      propertyPath: m_LocalRotation.z
      value: 0
      objectReference: {fileID: 0}
    - target: {fileID: 6268603993516446377, guid: 2e7ba0eb5d8ff194585116b0af65fb41,
        type: 3}
      propertyPath: m_LocalEulerAnglesHint.x
      value: 0
      objectReference: {fileID: 0}
    - target: {fileID: 6268603993516446377, guid: 2e7ba0eb5d8ff194585116b0af65fb41,
        type: 3}
      propertyPath: m_LocalEulerAnglesHint.y
      value: 0
      objectReference: {fileID: 0}
    - target: {fileID: 6268603993516446377, guid: 2e7ba0eb5d8ff194585116b0af65fb41,
        type: 3}
      propertyPath: m_LocalEulerAnglesHint.z
      value: 0
      objectReference: {fileID: 0}
    m_RemovedComponents: []
  m_SourcePrefab: {fileID: 100100000, guid: 2e7ba0eb5d8ff194585116b0af65fb41, type: 3}
--- !u!4 &9163019922278258513 stripped
Transform:
  m_CorrespondingSourceObject: {fileID: 6268603993516446377, guid: 2e7ba0eb5d8ff194585116b0af65fb41,
    type: 3}
  m_PrefabInstance: {fileID: 3014904918824551928}
  m_PrefabAsset: {fileID: 0}
--- !u!1001 &3067942874908794176
PrefabInstance:
  m_ObjectHideFlags: 0
  serializedVersion: 2
  m_Modification:
    m_TransformParent: {fileID: 6156717436231374918}
    m_Modifications:
    - target: {fileID: 6268603993516446372, guid: 2e7ba0eb5d8ff194585116b0af65fb41,
        type: 3}
      propertyPath: m_Name
      value: Stone Small (8)
      objectReference: {fileID: 0}
    - target: {fileID: 6268603993516446372, guid: 2e7ba0eb5d8ff194585116b0af65fb41,
        type: 3}
      propertyPath: m_IsActive
      value: 1
      objectReference: {fileID: 0}
    - target: {fileID: 6268603993516446377, guid: 2e7ba0eb5d8ff194585116b0af65fb41,
        type: 3}
      propertyPath: m_RootOrder
      value: 15
      objectReference: {fileID: 0}
    - target: {fileID: 6268603993516446377, guid: 2e7ba0eb5d8ff194585116b0af65fb41,
        type: 3}
      propertyPath: m_LocalScale.x
      value: 2.0917966
      objectReference: {fileID: 0}
    - target: {fileID: 6268603993516446377, guid: 2e7ba0eb5d8ff194585116b0af65fb41,
        type: 3}
      propertyPath: m_LocalScale.y
      value: 2.0458264
      objectReference: {fileID: 0}
    - target: {fileID: 6268603993516446377, guid: 2e7ba0eb5d8ff194585116b0af65fb41,
        type: 3}
      propertyPath: m_LocalPosition.x
      value: 2.0323815
      objectReference: {fileID: 0}
    - target: {fileID: 6268603993516446377, guid: 2e7ba0eb5d8ff194585116b0af65fb41,
        type: 3}
      propertyPath: m_LocalPosition.y
      value: -1.9632425
      objectReference: {fileID: 0}
    - target: {fileID: 6268603993516446377, guid: 2e7ba0eb5d8ff194585116b0af65fb41,
        type: 3}
      propertyPath: m_LocalPosition.z
      value: -0.01
      objectReference: {fileID: 0}
    - target: {fileID: 6268603993516446377, guid: 2e7ba0eb5d8ff194585116b0af65fb41,
        type: 3}
      propertyPath: m_LocalRotation.w
      value: 1
      objectReference: {fileID: 0}
    - target: {fileID: 6268603993516446377, guid: 2e7ba0eb5d8ff194585116b0af65fb41,
        type: 3}
      propertyPath: m_LocalRotation.x
      value: 0
      objectReference: {fileID: 0}
    - target: {fileID: 6268603993516446377, guid: 2e7ba0eb5d8ff194585116b0af65fb41,
        type: 3}
      propertyPath: m_LocalRotation.y
      value: 0
      objectReference: {fileID: 0}
    - target: {fileID: 6268603993516446377, guid: 2e7ba0eb5d8ff194585116b0af65fb41,
        type: 3}
      propertyPath: m_LocalRotation.z
      value: 0
      objectReference: {fileID: 0}
    - target: {fileID: 6268603993516446377, guid: 2e7ba0eb5d8ff194585116b0af65fb41,
        type: 3}
      propertyPath: m_LocalEulerAnglesHint.x
      value: 0
      objectReference: {fileID: 0}
    - target: {fileID: 6268603993516446377, guid: 2e7ba0eb5d8ff194585116b0af65fb41,
        type: 3}
      propertyPath: m_LocalEulerAnglesHint.y
      value: 0
      objectReference: {fileID: 0}
    - target: {fileID: 6268603993516446377, guid: 2e7ba0eb5d8ff194585116b0af65fb41,
        type: 3}
      propertyPath: m_LocalEulerAnglesHint.z
      value: 0
      objectReference: {fileID: 0}
    m_RemovedComponents: []
  m_SourcePrefab: {fileID: 100100000, guid: 2e7ba0eb5d8ff194585116b0af65fb41, type: 3}
--- !u!4 &8965835442033627113 stripped
Transform:
  m_CorrespondingSourceObject: {fileID: 6268603993516446377, guid: 2e7ba0eb5d8ff194585116b0af65fb41,
    type: 3}
  m_PrefabInstance: {fileID: 3067942874908794176}
  m_PrefabAsset: {fileID: 0}
--- !u!1001 &4367600266741332464
PrefabInstance:
  m_ObjectHideFlags: 0
  serializedVersion: 2
  m_Modification:
    m_TransformParent: {fileID: 6156717436231374918}
    m_Modifications:
    - target: {fileID: 6156982131813864258, guid: a25cfb94f0f73ba4fae7215af21c0e05,
        type: 3}
      propertyPath: m_RootOrder
      value: 1
      objectReference: {fileID: 0}
    - target: {fileID: 6156982131813864258, guid: a25cfb94f0f73ba4fae7215af21c0e05,
        type: 3}
      propertyPath: m_LocalScale.x
      value: 0.5
      objectReference: {fileID: 0}
    - target: {fileID: 6156982131813864258, guid: a25cfb94f0f73ba4fae7215af21c0e05,
        type: 3}
      propertyPath: m_LocalScale.y
      value: 0.5
      objectReference: {fileID: 0}
    - target: {fileID: 6156982131813864258, guid: a25cfb94f0f73ba4fae7215af21c0e05,
        type: 3}
      propertyPath: m_LocalScale.z
      value: 0.5
      objectReference: {fileID: 0}
    - target: {fileID: 6156982131813864258, guid: a25cfb94f0f73ba4fae7215af21c0e05,
        type: 3}
      propertyPath: m_LocalPosition.x
      value: -3.3569
      objectReference: {fileID: 0}
    - target: {fileID: 6156982131813864258, guid: a25cfb94f0f73ba4fae7215af21c0e05,
        type: 3}
      propertyPath: m_LocalPosition.y
      value: 0.5654
      objectReference: {fileID: 0}
    - target: {fileID: 6156982131813864258, guid: a25cfb94f0f73ba4fae7215af21c0e05,
        type: 3}
      propertyPath: m_LocalPosition.z
      value: -0.01
      objectReference: {fileID: 0}
    - target: {fileID: 6156982131813864258, guid: a25cfb94f0f73ba4fae7215af21c0e05,
        type: 3}
      propertyPath: m_LocalRotation.w
      value: 1
      objectReference: {fileID: 0}
    - target: {fileID: 6156982131813864258, guid: a25cfb94f0f73ba4fae7215af21c0e05,
        type: 3}
      propertyPath: m_LocalRotation.x
      value: 0
      objectReference: {fileID: 0}
    - target: {fileID: 6156982131813864258, guid: a25cfb94f0f73ba4fae7215af21c0e05,
        type: 3}
      propertyPath: m_LocalRotation.y
      value: 0
      objectReference: {fileID: 0}
    - target: {fileID: 6156982131813864258, guid: a25cfb94f0f73ba4fae7215af21c0e05,
        type: 3}
      propertyPath: m_LocalRotation.z
      value: 0
      objectReference: {fileID: 0}
    - target: {fileID: 6156982131813864258, guid: a25cfb94f0f73ba4fae7215af21c0e05,
        type: 3}
      propertyPath: m_LocalEulerAnglesHint.x
      value: 0
      objectReference: {fileID: 0}
    - target: {fileID: 6156982131813864258, guid: a25cfb94f0f73ba4fae7215af21c0e05,
        type: 3}
      propertyPath: m_LocalEulerAnglesHint.y
      value: 0
      objectReference: {fileID: 0}
    - target: {fileID: 6156982131813864258, guid: a25cfb94f0f73ba4fae7215af21c0e05,
        type: 3}
      propertyPath: m_LocalEulerAnglesHint.z
      value: 0
      objectReference: {fileID: 0}
    - target: {fileID: 6156982131813864265, guid: a25cfb94f0f73ba4fae7215af21c0e05,
        type: 3}
      propertyPath: m_Name
      value: Diamond
      objectReference: {fileID: 0}
    - target: {fileID: 6156982131813864265, guid: a25cfb94f0f73ba4fae7215af21c0e05,
        type: 3}
      propertyPath: m_IsActive
      value: 1
      objectReference: {fileID: 0}
    m_RemovedComponents: []
  m_SourcePrefab: {fileID: 100100000, guid: a25cfb94f0f73ba4fae7215af21c0e05, type: 3}
--- !u!4 &7632805244182063794 stripped
Transform:
  m_CorrespondingSourceObject: {fileID: 6156982131813864258, guid: a25cfb94f0f73ba4fae7215af21c0e05,
    type: 3}
  m_PrefabInstance: {fileID: 4367600266741332464}
  m_PrefabAsset: {fileID: 0}
--- !u!1001 &4812407896350967160
PrefabInstance:
  m_ObjectHideFlags: 0
  serializedVersion: 2
  m_Modification:
    m_TransformParent: {fileID: 6156717436231374918}
    m_Modifications:
    - target: {fileID: 6268603993516446372, guid: 2e7ba0eb5d8ff194585116b0af65fb41,
        type: 3}
      propertyPath: m_Name
      value: Stone Small (9)
      objectReference: {fileID: 0}
    - target: {fileID: 6268603993516446372, guid: 2e7ba0eb5d8ff194585116b0af65fb41,
        type: 3}
      propertyPath: m_IsActive
      value: 1
      objectReference: {fileID: 0}
    - target: {fileID: 6268603993516446377, guid: 2e7ba0eb5d8ff194585116b0af65fb41,
        type: 3}
      propertyPath: m_RootOrder
      value: 17
      objectReference: {fileID: 0}
    - target: {fileID: 6268603993516446377, guid: 2e7ba0eb5d8ff194585116b0af65fb41,
        type: 3}
      propertyPath: m_LocalScale.x
      value: 2.0917966
      objectReference: {fileID: 0}
    - target: {fileID: 6268603993516446377, guid: 2e7ba0eb5d8ff194585116b0af65fb41,
        type: 3}
      propertyPath: m_LocalScale.y
      value: 2.0458264
      objectReference: {fileID: 0}
    - target: {fileID: 6268603993516446377, guid: 2e7ba0eb5d8ff194585116b0af65fb41,
        type: 3}
      propertyPath: m_LocalPosition.x
      value: -6.23
      objectReference: {fileID: 0}
    - target: {fileID: 6268603993516446377, guid: 2e7ba0eb5d8ff194585116b0af65fb41,
        type: 3}
      propertyPath: m_LocalPosition.y
      value: -1.9632425
      objectReference: {fileID: 0}
    - target: {fileID: 6268603993516446377, guid: 2e7ba0eb5d8ff194585116b0af65fb41,
        type: 3}
      propertyPath: m_LocalPosition.z
      value: -0.01
      objectReference: {fileID: 0}
    - target: {fileID: 6268603993516446377, guid: 2e7ba0eb5d8ff194585116b0af65fb41,
        type: 3}
      propertyPath: m_LocalRotation.w
      value: 1
      objectReference: {fileID: 0}
    - target: {fileID: 6268603993516446377, guid: 2e7ba0eb5d8ff194585116b0af65fb41,
        type: 3}
      propertyPath: m_LocalRotation.x
      value: 0
      objectReference: {fileID: 0}
    - target: {fileID: 6268603993516446377, guid: 2e7ba0eb5d8ff194585116b0af65fb41,
        type: 3}
      propertyPath: m_LocalRotation.y
      value: 0
      objectReference: {fileID: 0}
    - target: {fileID: 6268603993516446377, guid: 2e7ba0eb5d8ff194585116b0af65fb41,
        type: 3}
      propertyPath: m_LocalRotation.z
      value: 0
      objectReference: {fileID: 0}
    - target: {fileID: 6268603993516446377, guid: 2e7ba0eb5d8ff194585116b0af65fb41,
        type: 3}
      propertyPath: m_LocalEulerAnglesHint.x
      value: 0
      objectReference: {fileID: 0}
    - target: {fileID: 6268603993516446377, guid: 2e7ba0eb5d8ff194585116b0af65fb41,
        type: 3}
      propertyPath: m_LocalEulerAnglesHint.y
      value: 0
      objectReference: {fileID: 0}
    - target: {fileID: 6268603993516446377, guid: 2e7ba0eb5d8ff194585116b0af65fb41,
        type: 3}
      propertyPath: m_LocalEulerAnglesHint.z
      value: 0
      objectReference: {fileID: 0}
    m_RemovedComponents: []
  m_SourcePrefab: {fileID: 100100000, guid: 2e7ba0eb5d8ff194585116b0af65fb41, type: 3}
--- !u!4 &1456797255157438417 stripped
Transform:
  m_CorrespondingSourceObject: {fileID: 6268603993516446377, guid: 2e7ba0eb5d8ff194585116b0af65fb41,
    type: 3}
  m_PrefabInstance: {fileID: 4812407896350967160}
  m_PrefabAsset: {fileID: 0}
--- !u!1001 &4901453222094834497
PrefabInstance:
  m_ObjectHideFlags: 0
  serializedVersion: 2
  m_Modification:
    m_TransformParent: {fileID: 6156717436231374918}
    m_Modifications:
    - target: {fileID: 929992641055090229, guid: 203d77f8f3728cc4bbad9da590b91673,
        type: 3}
      propertyPath: m_RootOrder
      value: 19
      objectReference: {fileID: 0}
    - target: {fileID: 929992641055090229, guid: 203d77f8f3728cc4bbad9da590b91673,
        type: 3}
      propertyPath: m_LocalScale.x
      value: 2.0917966
      objectReference: {fileID: 0}
    - target: {fileID: 929992641055090229, guid: 203d77f8f3728cc4bbad9da590b91673,
        type: 3}
      propertyPath: m_LocalScale.y
      value: 2.0458264
      objectReference: {fileID: 0}
    - target: {fileID: 929992641055090229, guid: 203d77f8f3728cc4bbad9da590b91673,
        type: 3}
      propertyPath: m_LocalPosition.x
      value: 15.11
      objectReference: {fileID: 0}
    - target: {fileID: 929992641055090229, guid: 203d77f8f3728cc4bbad9da590b91673,
        type: 3}
      propertyPath: m_LocalPosition.y
      value: 2.02
      objectReference: {fileID: 0}
    - target: {fileID: 929992641055090229, guid: 203d77f8f3728cc4bbad9da590b91673,
        type: 3}
      propertyPath: m_LocalPosition.z
      value: -0.01
      objectReference: {fileID: 0}
    - target: {fileID: 929992641055090229, guid: 203d77f8f3728cc4bbad9da590b91673,
        type: 3}
      propertyPath: m_LocalRotation.w
      value: 1
      objectReference: {fileID: 0}
    - target: {fileID: 929992641055090229, guid: 203d77f8f3728cc4bbad9da590b91673,
        type: 3}
      propertyPath: m_LocalRotation.x
      value: 0
      objectReference: {fileID: 0}
    - target: {fileID: 929992641055090229, guid: 203d77f8f3728cc4bbad9da590b91673,
        type: 3}
      propertyPath: m_LocalRotation.y
      value: 0
      objectReference: {fileID: 0}
    - target: {fileID: 929992641055090229, guid: 203d77f8f3728cc4bbad9da590b91673,
        type: 3}
      propertyPath: m_LocalRotation.z
      value: 0
      objectReference: {fileID: 0}
    - target: {fileID: 929992641055090229, guid: 203d77f8f3728cc4bbad9da590b91673,
        type: 3}
      propertyPath: m_LocalEulerAnglesHint.x
      value: 0
      objectReference: {fileID: 0}
    - target: {fileID: 929992641055090229, guid: 203d77f8f3728cc4bbad9da590b91673,
        type: 3}
      propertyPath: m_LocalEulerAnglesHint.y
      value: 0
      objectReference: {fileID: 0}
    - target: {fileID: 929992641055090229, guid: 203d77f8f3728cc4bbad9da590b91673,
        type: 3}
      propertyPath: m_LocalEulerAnglesHint.z
      value: 0
      objectReference: {fileID: 0}
    - target: {fileID: 929992641055090232, guid: 203d77f8f3728cc4bbad9da590b91673,
        type: 3}
      propertyPath: m_Name
      value: Gold Medium (4)
      objectReference: {fileID: 0}
    - target: {fileID: 929992641055090232, guid: 203d77f8f3728cc4bbad9da590b91673,
        type: 3}
      propertyPath: m_IsActive
      value: 1
      objectReference: {fileID: 0}
    m_RemovedComponents: []
  m_SourcePrefab: {fileID: 100100000, guid: 203d77f8f3728cc4bbad9da590b91673, type: 3}
--- !u!4 &5251912800480587124 stripped
Transform:
  m_CorrespondingSourceObject: {fileID: 929992641055090229, guid: 203d77f8f3728cc4bbad9da590b91673,
    type: 3}
  m_PrefabInstance: {fileID: 4901453222094834497}
  m_PrefabAsset: {fileID: 0}
--- !u!1001 &6231077146224312363
PrefabInstance:
  m_ObjectHideFlags: 0
  serializedVersion: 2
  m_Modification:
    m_TransformParent: {fileID: 6156717436231374918}
    m_Modifications:
    - target: {fileID: 929992641055090229, guid: 203d77f8f3728cc4bbad9da590b91673,
        type: 3}
      propertyPath: m_RootOrder
      value: 21
      objectReference: {fileID: 0}
    - target: {fileID: 929992641055090229, guid: 203d77f8f3728cc4bbad9da590b91673,
        type: 3}
      propertyPath: m_LocalScale.x
      value: 2.0917966
      objectReference: {fileID: 0}
    - target: {fileID: 929992641055090229, guid: 203d77f8f3728cc4bbad9da590b91673,
        type: 3}
      propertyPath: m_LocalScale.y
      value: 2.0458264
      objectReference: {fileID: 0}
    - target: {fileID: 929992641055090229, guid: 203d77f8f3728cc4bbad9da590b91673,
        type: 3}
      propertyPath: m_LocalPosition.x
      value: 4.26
      objectReference: {fileID: 0}
    - target: {fileID: 929992641055090229, guid: 203d77f8f3728cc4bbad9da590b91673,
        type: 3}
      propertyPath: m_LocalPosition.y
      value: 2.53
      objectReference: {fileID: 0}
    - target: {fileID: 929992641055090229, guid: 203d77f8f3728cc4bbad9da590b91673,
        type: 3}
      propertyPath: m_LocalPosition.z
      value: -0.01
      objectReference: {fileID: 0}
    - target: {fileID: 929992641055090229, guid: 203d77f8f3728cc4bbad9da590b91673,
        type: 3}
      propertyPath: m_LocalRotation.w
      value: 1
      objectReference: {fileID: 0}
    - target: {fileID: 929992641055090229, guid: 203d77f8f3728cc4bbad9da590b91673,
        type: 3}
      propertyPath: m_LocalRotation.x
      value: 0
      objectReference: {fileID: 0}
    - target: {fileID: 929992641055090229, guid: 203d77f8f3728cc4bbad9da590b91673,
        type: 3}
      propertyPath: m_LocalRotation.y
      value: 0
      objectReference: {fileID: 0}
    - target: {fileID: 929992641055090229, guid: 203d77f8f3728cc4bbad9da590b91673,
        type: 3}
      propertyPath: m_LocalRotation.z
      value: 0
      objectReference: {fileID: 0}
    - target: {fileID: 929992641055090229, guid: 203d77f8f3728cc4bbad9da590b91673,
        type: 3}
      propertyPath: m_LocalEulerAnglesHint.x
      value: 0
      objectReference: {fileID: 0}
    - target: {fileID: 929992641055090229, guid: 203d77f8f3728cc4bbad9da590b91673,
        type: 3}
      propertyPath: m_LocalEulerAnglesHint.y
      value: 0
      objectReference: {fileID: 0}
    - target: {fileID: 929992641055090229, guid: 203d77f8f3728cc4bbad9da590b91673,
        type: 3}
      propertyPath: m_LocalEulerAnglesHint.z
      value: 0
      objectReference: {fileID: 0}
    - target: {fileID: 929992641055090232, guid: 203d77f8f3728cc4bbad9da590b91673,
        type: 3}
      propertyPath: m_Name
      value: Gold Medium (6)
      objectReference: {fileID: 0}
    - target: {fileID: 929992641055090232, guid: 203d77f8f3728cc4bbad9da590b91673,
        type: 3}
      propertyPath: m_IsActive
      value: 1
      objectReference: {fileID: 0}
    m_RemovedComponents: []
  m_SourcePrefab: {fileID: 100100000, guid: 203d77f8f3728cc4bbad9da590b91673, type: 3}
--- !u!4 &6529872871547840030 stripped
Transform:
  m_CorrespondingSourceObject: {fileID: 929992641055090229, guid: 203d77f8f3728cc4bbad9da590b91673,
    type: 3}
  m_PrefabInstance: {fileID: 6231077146224312363}
  m_PrefabAsset: {fileID: 0}
--- !u!1001 &6703982936913936928
PrefabInstance:
  m_ObjectHideFlags: 0
  serializedVersion: 2
  m_Modification:
    m_TransformParent: {fileID: 6156717436231374918}
    m_Modifications:
    - target: {fileID: 7152995425394960164, guid: ee3a29fcbd218a642a0d142d6318360d,
        type: 3}
      propertyPath: m_Name
      value: Diamond Small (4)
      objectReference: {fileID: 0}
    - target: {fileID: 7152995425394960164, guid: ee3a29fcbd218a642a0d142d6318360d,
        type: 3}
      propertyPath: m_IsActive
      value: 1
      objectReference: {fileID: 0}
    - target: {fileID: 7152995425394960175, guid: ee3a29fcbd218a642a0d142d6318360d,
        type: 3}
      propertyPath: m_RootOrder
      value: 3
      objectReference: {fileID: 0}
    - target: {fileID: 7152995425394960175, guid: ee3a29fcbd218a642a0d142d6318360d,
        type: 3}
      propertyPath: m_LocalScale.x
      value: 0.5
      objectReference: {fileID: 0}
    - target: {fileID: 7152995425394960175, guid: ee3a29fcbd218a642a0d142d6318360d,
        type: 3}
      propertyPath: m_LocalScale.y
      value: 0.5
      objectReference: {fileID: 0}
    - target: {fileID: 7152995425394960175, guid: ee3a29fcbd218a642a0d142d6318360d,
        type: 3}
      propertyPath: m_LocalPosition.x
      value: -1.7044
      objectReference: {fileID: 0}
    - target: {fileID: 7152995425394960175, guid: ee3a29fcbd218a642a0d142d6318360d,
        type: 3}
      propertyPath: m_LocalPosition.y
      value: -1.3169
      objectReference: {fileID: 0}
    - target: {fileID: 7152995425394960175, guid: ee3a29fcbd218a642a0d142d6318360d,
        type: 3}
      propertyPath: m_LocalPosition.z
      value: -0.01
      objectReference: {fileID: 0}
    - target: {fileID: 7152995425394960175, guid: ee3a29fcbd218a642a0d142d6318360d,
        type: 3}
      propertyPath: m_LocalRotation.w
      value: 1
      objectReference: {fileID: 0}
    - target: {fileID: 7152995425394960175, guid: ee3a29fcbd218a642a0d142d6318360d,
        type: 3}
      propertyPath: m_LocalRotation.x
      value: -0
      objectReference: {fileID: 0}
    - target: {fileID: 7152995425394960175, guid: ee3a29fcbd218a642a0d142d6318360d,
        type: 3}
      propertyPath: m_LocalRotation.y
      value: -0
      objectReference: {fileID: 0}
    - target: {fileID: 7152995425394960175, guid: ee3a29fcbd218a642a0d142d6318360d,
        type: 3}
      propertyPath: m_LocalRotation.z
      value: -0
      objectReference: {fileID: 0}
    - target: {fileID: 7152995425394960175, guid: ee3a29fcbd218a642a0d142d6318360d,
        type: 3}
      propertyPath: m_LocalEulerAnglesHint.x
      value: 0
      objectReference: {fileID: 0}
    - target: {fileID: 7152995425394960175, guid: ee3a29fcbd218a642a0d142d6318360d,
        type: 3}
      propertyPath: m_LocalEulerAnglesHint.y
      value: 0
      objectReference: {fileID: 0}
    - target: {fileID: 7152995425394960175, guid: ee3a29fcbd218a642a0d142d6318360d,
        type: 3}
      propertyPath: m_LocalEulerAnglesHint.z
      value: 0
      objectReference: {fileID: 0}
    m_RemovedComponents: []
  m_SourcePrefab: {fileID: 100100000, guid: ee3a29fcbd218a642a0d142d6318360d, type: 3}
--- !u!4 &4489490173626688783 stripped
Transform:
  m_CorrespondingSourceObject: {fileID: 7152995425394960175, guid: ee3a29fcbd218a642a0d142d6318360d,
    type: 3}
  m_PrefabInstance: {fileID: 6703982936913936928}
  m_PrefabAsset: {fileID: 0}
--- !u!1001 &7964922939242097337
PrefabInstance:
  m_ObjectHideFlags: 0
  serializedVersion: 2
  m_Modification:
    m_TransformParent: {fileID: 6156717436231374918}
    m_Modifications:
    - target: {fileID: 7152995425394960164, guid: ee3a29fcbd218a642a0d142d6318360d,
        type: 3}
      propertyPath: m_Name
      value: Diamond Small (3)
      objectReference: {fileID: 0}
    - target: {fileID: 7152995425394960164, guid: ee3a29fcbd218a642a0d142d6318360d,
        type: 3}
      propertyPath: m_IsActive
      value: 1
      objectReference: {fileID: 0}
    - target: {fileID: 7152995425394960175, guid: ee3a29fcbd218a642a0d142d6318360d,
        type: 3}
      propertyPath: m_RootOrder
      value: 2
      objectReference: {fileID: 0}
    - target: {fileID: 7152995425394960175, guid: ee3a29fcbd218a642a0d142d6318360d,
        type: 3}
      propertyPath: m_LocalScale.x
      value: 0.5
      objectReference: {fileID: 0}
    - target: {fileID: 7152995425394960175, guid: ee3a29fcbd218a642a0d142d6318360d,
        type: 3}
      propertyPath: m_LocalScale.y
      value: 0.5
      objectReference: {fileID: 0}
    - target: {fileID: 7152995425394960175, guid: ee3a29fcbd218a642a0d142d6318360d,
        type: 3}
      propertyPath: m_LocalPosition.x
      value: 11.4531
      objectReference: {fileID: 0}
    - target: {fileID: 7152995425394960175, guid: ee3a29fcbd218a642a0d142d6318360d,
        type: 3}
      propertyPath: m_LocalPosition.y
      value: 0.9336
      objectReference: {fileID: 0}
    - target: {fileID: 7152995425394960175, guid: ee3a29fcbd218a642a0d142d6318360d,
        type: 3}
      propertyPath: m_LocalPosition.z
      value: -0.01
      objectReference: {fileID: 0}
    - target: {fileID: 7152995425394960175, guid: ee3a29fcbd218a642a0d142d6318360d,
        type: 3}
      propertyPath: m_LocalRotation.w
      value: 1
      objectReference: {fileID: 0}
    - target: {fileID: 7152995425394960175, guid: ee3a29fcbd218a642a0d142d6318360d,
        type: 3}
      propertyPath: m_LocalRotation.x
      value: -0
      objectReference: {fileID: 0}
    - target: {fileID: 7152995425394960175, guid: ee3a29fcbd218a642a0d142d6318360d,
        type: 3}
      propertyPath: m_LocalRotation.y
      value: -0
      objectReference: {fileID: 0}
    - target: {fileID: 7152995425394960175, guid: ee3a29fcbd218a642a0d142d6318360d,
        type: 3}
      propertyPath: m_LocalRotation.z
      value: -0
      objectReference: {fileID: 0}
    - target: {fileID: 7152995425394960175, guid: ee3a29fcbd218a642a0d142d6318360d,
        type: 3}
      propertyPath: m_LocalEulerAnglesHint.x
      value: 0
      objectReference: {fileID: 0}
    - target: {fileID: 7152995425394960175, guid: ee3a29fcbd218a642a0d142d6318360d,
        type: 3}
      propertyPath: m_LocalEulerAnglesHint.y
      value: 0
      objectReference: {fileID: 0}
    - target: {fileID: 7152995425394960175, guid: ee3a29fcbd218a642a0d142d6318360d,
        type: 3}
      propertyPath: m_LocalEulerAnglesHint.z
      value: 0
      objectReference: {fileID: 0}
    m_RemovedComponents: []
  m_SourcePrefab: {fileID: 100100000, guid: ee3a29fcbd218a642a0d142d6318360d, type: 3}
--- !u!4 &994622918963727766 stripped
Transform:
  m_CorrespondingSourceObject: {fileID: 7152995425394960175, guid: ee3a29fcbd218a642a0d142d6318360d,
    type: 3}
  m_PrefabInstance: {fileID: 7964922939242097337}
  m_PrefabAsset: {fileID: 0}
--- !u!1001 &8208402542988787179
PrefabInstance:
  m_ObjectHideFlags: 0
  serializedVersion: 2
  m_Modification:
    m_TransformParent: {fileID: 6156717436231374918}
    m_Modifications:
    - target: {fileID: 6268603993516446372, guid: 2e7ba0eb5d8ff194585116b0af65fb41,
        type: 3}
      propertyPath: m_Name
      value: Stone Small (2)
      objectReference: {fileID: 0}
    - target: {fileID: 6268603993516446372, guid: 2e7ba0eb5d8ff194585116b0af65fb41,
        type: 3}
      propertyPath: m_IsActive
      value: 1
      objectReference: {fileID: 0}
    - target: {fileID: 6268603993516446377, guid: 2e7ba0eb5d8ff194585116b0af65fb41,
        type: 3}
      propertyPath: m_RootOrder
      value: 16
      objectReference: {fileID: 0}
    - target: {fileID: 6268603993516446377, guid: 2e7ba0eb5d8ff194585116b0af65fb41,
        type: 3}
      propertyPath: m_LocalScale.x
      value: 2.0917966
      objectReference: {fileID: 0}
    - target: {fileID: 6268603993516446377, guid: 2e7ba0eb5d8ff194585116b0af65fb41,
        type: 3}
      propertyPath: m_LocalScale.y
      value: 2.0458264
      objectReference: {fileID: 0}
    - target: {fileID: 6268603993516446377, guid: 2e7ba0eb5d8ff194585116b0af65fb41,
        type: 3}
      propertyPath: m_LocalPosition.x
      value: 13.955782
      objectReference: {fileID: 0}
    - target: {fileID: 6268603993516446377, guid: 2e7ba0eb5d8ff194585116b0af65fb41,
        type: 3}
      propertyPath: m_LocalPosition.y
      value: 0.7474575
      objectReference: {fileID: 0}
    - target: {fileID: 6268603993516446377, guid: 2e7ba0eb5d8ff194585116b0af65fb41,
        type: 3}
      propertyPath: m_LocalPosition.z
      value: -0.01
      objectReference: {fileID: 0}
    - target: {fileID: 6268603993516446377, guid: 2e7ba0eb5d8ff194585116b0af65fb41,
        type: 3}
      propertyPath: m_LocalRotation.w
      value: 1
      objectReference: {fileID: 0}
    - target: {fileID: 6268603993516446377, guid: 2e7ba0eb5d8ff194585116b0af65fb41,
        type: 3}
      propertyPath: m_LocalRotation.x
      value: 0
      objectReference: {fileID: 0}
    - target: {fileID: 6268603993516446377, guid: 2e7ba0eb5d8ff194585116b0af65fb41,
        type: 3}
      propertyPath: m_LocalRotation.y
      value: 0
      objectReference: {fileID: 0}
    - target: {fileID: 6268603993516446377, guid: 2e7ba0eb5d8ff194585116b0af65fb41,
        type: 3}
      propertyPath: m_LocalRotation.z
      value: 0
      objectReference: {fileID: 0}
    - target: {fileID: 6268603993516446377, guid: 2e7ba0eb5d8ff194585116b0af65fb41,
        type: 3}
      propertyPath: m_LocalEulerAnglesHint.x
      value: 0
      objectReference: {fileID: 0}
    - target: {fileID: 6268603993516446377, guid: 2e7ba0eb5d8ff194585116b0af65fb41,
        type: 3}
      propertyPath: m_LocalEulerAnglesHint.y
      value: 0
      objectReference: {fileID: 0}
    - target: {fileID: 6268603993516446377, guid: 2e7ba0eb5d8ff194585116b0af65fb41,
        type: 3}
      propertyPath: m_LocalEulerAnglesHint.z
      value: 0
      objectReference: {fileID: 0}
    m_RemovedComponents: []
  m_SourcePrefab: {fileID: 100100000, guid: 2e7ba0eb5d8ff194585116b0af65fb41, type: 3}
--- !u!4 &2816038952734486338 stripped
Transform:
  m_CorrespondingSourceObject: {fileID: 6268603993516446377, guid: 2e7ba0eb5d8ff194585116b0af65fb41,
    type: 3}
  m_PrefabInstance: {fileID: 8208402542988787179}
  m_PrefabAsset: {fileID: 0}
