%YAML 1.1
%TAG !u! tag:unity3d.com,2011:
--- !u!1 &2660500783537930713
GameObject:
  m_ObjectHideFlags: 0
  m_CorrespondingSourceObject: {fileID: 0}
  m_PrefabInstance: {fileID: 0}
  m_PrefabAsset: {fileID: 0}
  serializedVersion: 6
  m_Component:
  - component: {fileID: 2660500783537930714}
  m_Layer: 0
  m_Name: Level Indus 6
  m_TagString: Untagged
  m_Icon: {fileID: 0}
  m_NavMeshLayer: 0
  m_StaticEditorFlags: 0
  m_IsActive: 1
--- !u!4 &2660500783537930714
Transform:
  m_ObjectHideFlags: 0
  m_CorrespondingSourceObject: {fileID: 0}
  m_PrefabInstance: {fileID: 0}
  m_PrefabAsset: {fileID: 0}
  m_GameObject: {fileID: 2660500783537930713}
  m_LocalRotation: {x: 0, y: 0, z: 0, w: 1}
  m_LocalPosition: {x: 0, y: 0, z: 0}
  m_LocalScale: {x: 1, y: 1, z: 1}
  m_Children:
  - {fileID: 4939759910086633117}
  - {fileID: 4260957304454051219}
  - {fileID: 6124414848382442537}
  - {fileID: 6124414849866523175}
  - {fileID: 6316032693792585378}
  - {fileID: 6316032692634537391}
  - {fileID: 2707012077038177803}
  - {fileID: 1052702642675966792}
  - {fileID: 2702394361817756007}
  - {fileID: 4149047593516258546}
  - {fileID: 320498561747585242}
  - {fileID: 4259209151063540910}
  - {fileID: 6007385884395754152}
  - {fileID: 5192239551494520996}
  - {fileID: 8730101059028626237}
  - {fileID: 7500715280443832643}
  - {fileID: 5253803896188633898}
  m_Father: {fileID: 0}
  m_RootOrder: 0
  m_LocalEulerAnglesHint: {x: 0, y: 0, z: 0}
--- !u!1001 &160707893495059320
PrefabInstance:
  m_ObjectHideFlags: 0
  serializedVersion: 2
  m_Modification:
    m_TransformParent: {fileID: 2660500783537930714}
    m_Modifications:
    - target: {fileID: 4116627413283346390, guid: c5055a199086d4a46941e6bc2b3cb200,
        type: 3}
      propertyPath: m_RootOrder
      value: 11
      objectReference: {fileID: 0}
    - target: {fileID: 4116627413283346390, guid: c5055a199086d4a46941e6bc2b3cb200,
        type: 3}
      propertyPath: m_LocalPosition.x
      value: -2.0099998
      objectReference: {fileID: 0}
    - target: {fileID: 4116627413283346390, guid: c5055a199086d4a46941e6bc2b3cb200,
        type: 3}
      propertyPath: m_LocalPosition.y
      value: 2.4199998
      objectReference: {fileID: 0}
    - target: {fileID: 4116627413283346390, guid: c5055a199086d4a46941e6bc2b3cb200,
        type: 3}
      propertyPath: m_LocalPosition.z
      value: -0.01
      objectReference: {fileID: 0}
    - target: {fileID: 4116627413283346390, guid: c5055a199086d4a46941e6bc2b3cb200,
        type: 3}
      propertyPath: m_LocalRotation.w
      value: 1
      objectReference: {fileID: 0}
    - target: {fileID: 4116627413283346390, guid: c5055a199086d4a46941e6bc2b3cb200,
        type: 3}
      propertyPath: m_LocalRotation.x
      value: 0
      objectReference: {fileID: 0}
    - target: {fileID: 4116627413283346390, guid: c5055a199086d4a46941e6bc2b3cb200,
        type: 3}
      propertyPath: m_LocalRotation.y
      value: 0
      objectReference: {fileID: 0}
    - target: {fileID: 4116627413283346390, guid: c5055a199086d4a46941e6bc2b3cb200,
        type: 3}
      propertyPath: m_LocalRotation.z
      value: 0
      objectReference: {fileID: 0}
    - target: {fileID: 4116627413283346390, guid: c5055a199086d4a46941e6bc2b3cb200,
        type: 3}
      propertyPath: m_LocalEulerAnglesHint.x
      value: 0
      objectReference: {fileID: 0}
    - target: {fileID: 4116627413283346390, guid: c5055a199086d4a46941e6bc2b3cb200,
        type: 3}
      propertyPath: m_LocalEulerAnglesHint.y
      value: 0
      objectReference: {fileID: 0}
    - target: {fileID: 4116627413283346390, guid: c5055a199086d4a46941e6bc2b3cb200,
        type: 3}
      propertyPath: m_LocalEulerAnglesHint.z
      value: 0
      objectReference: {fileID: 0}
    - target: {fileID: 4116627413283346395, guid: c5055a199086d4a46941e6bc2b3cb200,
        type: 3}
      propertyPath: m_Name
      value: Gold Small (6)
      objectReference: {fileID: 0}
    m_RemovedComponents: []
  m_SourcePrefab: {fileID: 100100000, guid: c5055a199086d4a46941e6bc2b3cb200, type: 3}
--- !u!4 &4259209151063540910 stripped
Transform:
  m_CorrespondingSourceObject: {fileID: 4116627413283346390, guid: c5055a199086d4a46941e6bc2b3cb200,
    type: 3}
  m_PrefabInstance: {fileID: 160707893495059320}
  m_PrefabAsset: {fileID: 0}
--- !u!1001 &816118821174369900
PrefabInstance:
  m_ObjectHideFlags: 0
  serializedVersion: 2
  m_Modification:
    m_TransformParent: {fileID: 2660500783537930714}
    m_Modifications:
    - target: {fileID: 7152995425394960164, guid: ee3a29fcbd218a642a0d142d6318360d,
        type: 3}
      propertyPath: m_Name
      value: Diamond Small (5)
      objectReference: {fileID: 0}
    - target: {fileID: 7152995425394960164, guid: ee3a29fcbd218a642a0d142d6318360d,
        type: 3}
      propertyPath: m_IsActive
      value: 1
      objectReference: {fileID: 0}
    - target: {fileID: 7152995425394960175, guid: ee3a29fcbd218a642a0d142d6318360d,
        type: 3}
      propertyPath: m_RootOrder
      value: 15
      objectReference: {fileID: 0}
    - target: {fileID: 7152995425394960175, guid: ee3a29fcbd218a642a0d142d6318360d,
        type: 3}
      propertyPath: m_LocalPosition.x
      value: -0.42999983
      objectReference: {fileID: 0}
    - target: {fileID: 7152995425394960175, guid: ee3a29fcbd218a642a0d142d6318360d,
        type: 3}
      propertyPath: m_LocalPosition.y
      value: -2.04
      objectReference: {fileID: 0}
    - target: {fileID: 7152995425394960175, guid: ee3a29fcbd218a642a0d142d6318360d,
        type: 3}
      propertyPath: m_LocalPosition.z
      value: -0.01
      objectReference: {fileID: 0}
    - target: {fileID: 7152995425394960175, guid: ee3a29fcbd218a642a0d142d6318360d,
        type: 3}
      propertyPath: m_LocalRotation.w
      value: 1
      objectReference: {fileID: 0}
    - target: {fileID: 7152995425394960175, guid: ee3a29fcbd218a642a0d142d6318360d,
        type: 3}
      propertyPath: m_LocalRotation.x
      value: -0
      objectReference: {fileID: 0}
    - target: {fileID: 7152995425394960175, guid: ee3a29fcbd218a642a0d142d6318360d,
        type: 3}
      propertyPath: m_LocalRotation.y
      value: -0
      objectReference: {fileID: 0}
    - target: {fileID: 7152995425394960175, guid: ee3a29fcbd218a642a0d142d6318360d,
        type: 3}
      propertyPath: m_LocalRotation.z
      value: -0
      objectReference: {fileID: 0}
    - target: {fileID: 7152995425394960175, guid: ee3a29fcbd218a642a0d142d6318360d,
        type: 3}
      propertyPath: m_LocalEulerAnglesHint.x
      value: 0
      objectReference: {fileID: 0}
    - target: {fileID: 7152995425394960175, guid: ee3a29fcbd218a642a0d142d6318360d,
        type: 3}
      propertyPath: m_LocalEulerAnglesHint.y
      value: 0
      objectReference: {fileID: 0}
    - target: {fileID: 7152995425394960175, guid: ee3a29fcbd218a642a0d142d6318360d,
        type: 3}
      propertyPath: m_LocalEulerAnglesHint.z
      value: 0
      objectReference: {fileID: 0}
    m_RemovedComponents: []
  m_SourcePrefab: {fileID: 100100000, guid: ee3a29fcbd218a642a0d142d6318360d, type: 3}
--- !u!4 &7500715280443832643 stripped
Transform:
  m_CorrespondingSourceObject: {fileID: 7152995425394960175, guid: ee3a29fcbd218a642a0d142d6318360d,
    type: 3}
  m_PrefabInstance: {fileID: 816118821174369900}
  m_PrefabAsset: {fileID: 0}
--- !u!1001 &923836215031139081
PrefabInstance:
  m_ObjectHideFlags: 0
  serializedVersion: 2
  m_Modification:
    m_TransformParent: {fileID: 2660500783537930714}
    m_Modifications:
    - target: {fileID: 2977712226111650403, guid: 088332f981ce5fe41ad2f639e8dc6330,
        type: 3}
      propertyPath: m_Name
      value: Stone Large (1)
      objectReference: {fileID: 0}
    - target: {fileID: 2977712226111650414, guid: 088332f981ce5fe41ad2f639e8dc6330,
        type: 3}
      propertyPath: m_RootOrder
      value: 8
      objectReference: {fileID: 0}
    - target: {fileID: 2977712226111650414, guid: 088332f981ce5fe41ad2f639e8dc6330,
        type: 3}
      propertyPath: m_LocalPosition.x
      value: 13.15
      objectReference: {fileID: 0}
    - target: {fileID: 2977712226111650414, guid: 088332f981ce5fe41ad2f639e8dc6330,
        type: 3}
      propertyPath: m_LocalPosition.y
      value: -1.2600002
      objectReference: {fileID: 0}
    - target: {fileID: 2977712226111650414, guid: 088332f981ce5fe41ad2f639e8dc6330,
        type: 3}
      propertyPath: m_LocalPosition.z
      value: -0.01
      objectReference: {fileID: 0}
    - target: {fileID: 2977712226111650414, guid: 088332f981ce5fe41ad2f639e8dc6330,
        type: 3}
      propertyPath: m_LocalRotation.w
      value: 1
      objectReference: {fileID: 0}
    - target: {fileID: 2977712226111650414, guid: 088332f981ce5fe41ad2f639e8dc6330,
        type: 3}
      propertyPath: m_LocalRotation.x
      value: 0
      objectReference: {fileID: 0}
    - target: {fileID: 2977712226111650414, guid: 088332f981ce5fe41ad2f639e8dc6330,
        type: 3}
      propertyPath: m_LocalRotation.y
      value: 0
      objectReference: {fileID: 0}
    - target: {fileID: 2977712226111650414, guid: 088332f981ce5fe41ad2f639e8dc6330,
        type: 3}
      propertyPath: m_LocalRotation.z
      value: 0
      objectReference: {fileID: 0}
    - target: {fileID: 2977712226111650414, guid: 088332f981ce5fe41ad2f639e8dc6330,
        type: 3}
      propertyPath: m_LocalEulerAnglesHint.x
      value: 0
      objectReference: {fileID: 0}
    - target: {fileID: 2977712226111650414, guid: 088332f981ce5fe41ad2f639e8dc6330,
        type: 3}
      propertyPath: m_LocalEulerAnglesHint.y
      value: 0
      objectReference: {fileID: 0}
    - target: {fileID: 2977712226111650414, guid: 088332f981ce5fe41ad2f639e8dc6330,
        type: 3}
      propertyPath: m_LocalEulerAnglesHint.z
      value: 0
      objectReference: {fileID: 0}
    m_RemovedComponents: []
  m_SourcePrefab: {fileID: 100100000, guid: 088332f981ce5fe41ad2f639e8dc6330, type: 3}
--- !u!4 &2702394361817756007 stripped
Transform:
  m_CorrespondingSourceObject: {fileID: 2977712226111650414, guid: 088332f981ce5fe41ad2f639e8dc6330,
    type: 3}
  m_PrefabInstance: {fileID: 923836215031139081}
  m_PrefabAsset: {fileID: 0}
--- !u!1001 &1901372093283470354
PrefabInstance:
  m_ObjectHideFlags: 0
  serializedVersion: 2
  m_Modification:
    m_TransformParent: {fileID: 2660500783537930714}
    m_Modifications:
    - target: {fileID: 7152995425394960164, guid: ee3a29fcbd218a642a0d142d6318360d,
        type: 3}
      propertyPath: m_Name
      value: Diamond Small (1)
      objectReference: {fileID: 0}
    - target: {fileID: 7152995425394960164, guid: ee3a29fcbd218a642a0d142d6318360d,
        type: 3}
      propertyPath: m_IsActive
      value: 1
      objectReference: {fileID: 0}
    - target: {fileID: 7152995425394960175, guid: ee3a29fcbd218a642a0d142d6318360d,
        type: 3}
      propertyPath: m_RootOrder
      value: 14
      objectReference: {fileID: 0}
    - target: {fileID: 7152995425394960175, guid: ee3a29fcbd218a642a0d142d6318360d,
        type: 3}
      propertyPath: m_LocalPosition.x
      value: -6.25
      objectReference: {fileID: 0}
    - target: {fileID: 7152995425394960175, guid: ee3a29fcbd218a642a0d142d6318360d,
        type: 3}
      propertyPath: m_LocalPosition.y
      value: 0.78
      objectReference: {fileID: 0}
    - target: {fileID: 7152995425394960175, guid: ee3a29fcbd218a642a0d142d6318360d,
        type: 3}
      propertyPath: m_LocalPosition.z
      value: -0.01
      objectReference: {fileID: 0}
    - target: {fileID: 7152995425394960175, guid: ee3a29fcbd218a642a0d142d6318360d,
        type: 3}
      propertyPath: m_LocalRotation.w
      value: 1
      objectReference: {fileID: 0}
    - target: {fileID: 7152995425394960175, guid: ee3a29fcbd218a642a0d142d6318360d,
        type: 3}
      propertyPath: m_LocalRotation.x
      value: -0
      objectReference: {fileID: 0}
    - target: {fileID: 7152995425394960175, guid: ee3a29fcbd218a642a0d142d6318360d,
        type: 3}
      propertyPath: m_LocalRotation.y
      value: -0
      objectReference: {fileID: 0}
    - target: {fileID: 7152995425394960175, guid: ee3a29fcbd218a642a0d142d6318360d,
        type: 3}
      propertyPath: m_LocalRotation.z
      value: -0
      objectReference: {fileID: 0}
    - target: {fileID: 7152995425394960175, guid: ee3a29fcbd218a642a0d142d6318360d,
        type: 3}
      propertyPath: m_LocalEulerAnglesHint.x
      value: 0
      objectReference: {fileID: 0}
    - target: {fileID: 7152995425394960175, guid: ee3a29fcbd218a642a0d142d6318360d,
        type: 3}
      propertyPath: m_LocalEulerAnglesHint.y
      value: 0
      objectReference: {fileID: 0}
    - target: {fileID: 7152995425394960175, guid: ee3a29fcbd218a642a0d142d6318360d,
        type: 3}
      propertyPath: m_LocalEulerAnglesHint.z
      value: 0
      objectReference: {fileID: 0}
    m_RemovedComponents: []
  m_SourcePrefab: {fileID: 100100000, guid: ee3a29fcbd218a642a0d142d6318360d, type: 3}
--- !u!4 &8730101059028626237 stripped
Transform:
  m_CorrespondingSourceObject: {fileID: 7152995425394960175, guid: ee3a29fcbd218a642a0d142d6318360d,
    type: 3}
  m_PrefabInstance: {fileID: 1901372093283470354}
  m_PrefabAsset: {fileID: 0}
--- !u!1001 &4419035553406557964
PrefabInstance:
  m_ObjectHideFlags: 0
  serializedVersion: 2
  m_Modification:
    m_TransformParent: {fileID: 2660500783537930714}
    m_Modifications:
    - target: {fileID: 4116627413283346390, guid: c5055a199086d4a46941e6bc2b3cb200,
        type: 3}
      propertyPath: m_RootOrder
      value: 10
      objectReference: {fileID: 0}
    - target: {fileID: 4116627413283346390, guid: c5055a199086d4a46941e6bc2b3cb200,
        type: 3}
      propertyPath: m_LocalPosition.x
      value: -4.92
      objectReference: {fileID: 0}
    - target: {fileID: 4116627413283346390, guid: c5055a199086d4a46941e6bc2b3cb200,
        type: 3}
      propertyPath: m_LocalPosition.y
      value: 1.6099999
      objectReference: {fileID: 0}
    - target: {fileID: 4116627413283346390, guid: c5055a199086d4a46941e6bc2b3cb200,
        type: 3}
      propertyPath: m_LocalPosition.z
      value: -0.01
      objectReference: {fileID: 0}
    - target: {fileID: 4116627413283346390, guid: c5055a199086d4a46941e6bc2b3cb200,
        type: 3}
      propertyPath: m_LocalRotation.w
      value: 1
      objectReference: {fileID: 0}
    - target: {fileID: 4116627413283346390, guid: c5055a199086d4a46941e6bc2b3cb200,
        type: 3}
      propertyPath: m_LocalRotation.x
      value: 0
      objectReference: {fileID: 0}
    - target: {fileID: 4116627413283346390, guid: c5055a199086d4a46941e6bc2b3cb200,
        type: 3}
      propertyPath: m_LocalRotation.y
      value: 0
      objectReference: {fileID: 0}
    - target: {fileID: 4116627413283346390, guid: c5055a199086d4a46941e6bc2b3cb200,
        type: 3}
      propertyPath: m_LocalRotation.z
      value: 0
      objectReference: {fileID: 0}
    - target: {fileID: 4116627413283346390, guid: c5055a199086d4a46941e6bc2b3cb200,
        type: 3}
      propertyPath: m_LocalEulerAnglesHint.x
      value: 0
      objectReference: {fileID: 0}
    - target: {fileID: 4116627413283346390, guid: c5055a199086d4a46941e6bc2b3cb200,
        type: 3}
      propertyPath: m_LocalEulerAnglesHint.y
      value: 0
      objectReference: {fileID: 0}
    - target: {fileID: 4116627413283346390, guid: c5055a199086d4a46941e6bc2b3cb200,
        type: 3}
      propertyPath: m_LocalEulerAnglesHint.z
      value: 0
      objectReference: {fileID: 0}
    - target: {fileID: 4116627413283346395, guid: c5055a199086d4a46941e6bc2b3cb200,
        type: 3}
      propertyPath: m_Name
      value: Gold Small (2)
      objectReference: {fileID: 0}
    m_RemovedComponents: []
  m_SourcePrefab: {fileID: 100100000, guid: c5055a199086d4a46941e6bc2b3cb200, type: 3}
--- !u!4 &320498561747585242 stripped
Transform:
  m_CorrespondingSourceObject: {fileID: 4116627413283346390, guid: c5055a199086d4a46941e6bc2b3cb200,
    type: 3}
  m_PrefabInstance: {fileID: 4419035553406557964}
  m_PrefabAsset: {fileID: 0}
--- !u!1001 &5104186227610134820
PrefabInstance:
  m_ObjectHideFlags: 0
  serializedVersion: 2
  m_Modification:
    m_TransformParent: {fileID: 2660500783537930714}
    m_Modifications:
    - target: {fileID: 7152995425394960164, guid: ee3a29fcbd218a642a0d142d6318360d,
        type: 3}
      propertyPath: m_Name
      value: Diamond Small
      objectReference: {fileID: 0}
    - target: {fileID: 7152995425394960164, guid: ee3a29fcbd218a642a0d142d6318360d,
        type: 3}
      propertyPath: m_IsActive
      value: 1
      objectReference: {fileID: 0}
    - target: {fileID: 7152995425394960175, guid: ee3a29fcbd218a642a0d142d6318360d,
        type: 3}
      propertyPath: m_RootOrder
      value: 6
      objectReference: {fileID: 0}
    - target: {fileID: 7152995425394960175, guid: ee3a29fcbd218a642a0d142d6318360d,
        type: 3}
      propertyPath: m_LocalPosition.x
      value: -3.6699998
      objectReference: {fileID: 0}
    - target: {fileID: 7152995425394960175, guid: ee3a29fcbd218a642a0d142d6318360d,
        type: 3}
      propertyPath: m_LocalPosition.y
      value: 2.7899997
      objectReference: {fileID: 0}
    - target: {fileID: 7152995425394960175, guid: ee3a29fcbd218a642a0d142d6318360d,
        type: 3}
      propertyPath: m_LocalPosition.z
      value: -0.01
      objectReference: {fileID: 0}
    - target: {fileID: 7152995425394960175, guid: ee3a29fcbd218a642a0d142d6318360d,
        type: 3}
      propertyPath: m_LocalRotation.w
      value: 1
      objectReference: {fileID: 0}
    - target: {fileID: 7152995425394960175, guid: ee3a29fcbd218a642a0d142d6318360d,
        type: 3}
      propertyPath: m_LocalRotation.x
      value: -0
      objectReference: {fileID: 0}
    - target: {fileID: 7152995425394960175, guid: ee3a29fcbd218a642a0d142d6318360d,
        type: 3}
      propertyPath: m_LocalRotation.y
      value: -0
      objectReference: {fileID: 0}
    - target: {fileID: 7152995425394960175, guid: ee3a29fcbd218a642a0d142d6318360d,
        type: 3}
      propertyPath: m_LocalRotation.z
      value: -0
      objectReference: {fileID: 0}
    - target: {fileID: 7152995425394960175, guid: ee3a29fcbd218a642a0d142d6318360d,
        type: 3}
      propertyPath: m_LocalEulerAnglesHint.x
      value: 0
      objectReference: {fileID: 0}
    - target: {fileID: 7152995425394960175, guid: ee3a29fcbd218a642a0d142d6318360d,
        type: 3}
      propertyPath: m_LocalEulerAnglesHint.y
      value: 0
      objectReference: {fileID: 0}
    - target: {fileID: 7152995425394960175, guid: ee3a29fcbd218a642a0d142d6318360d,
        type: 3}
      propertyPath: m_LocalEulerAnglesHint.z
      value: 0
      objectReference: {fileID: 0}
    m_RemovedComponents: []
  m_SourcePrefab: {fileID: 100100000, guid: ee3a29fcbd218a642a0d142d6318360d, type: 3}
--- !u!4 &2707012077038177803 stripped
Transform:
  m_CorrespondingSourceObject: {fileID: 7152995425394960175, guid: ee3a29fcbd218a642a0d142d6318360d,
    type: 3}
  m_PrefabInstance: {fileID: 5104186227610134820}
  m_PrefabAsset: {fileID: 0}
--- !u!1001 &7577011627288852281
PrefabInstance:
  m_ObjectHideFlags: 0
  serializedVersion: 2
  m_Modification:
    m_TransformParent: {fileID: 2660500783537930714}
    m_Modifications:
    - target: {fileID: 4213247520254764433, guid: 61e1f835841bbb54ba602c6bd1651834,
        type: 3}
      propertyPath: m_RootOrder
      value: 12
      objectReference: {fileID: 0}
    - target: {fileID: 4213247520254764433, guid: 61e1f835841bbb54ba602c6bd1651834,
        type: 3}
      propertyPath: m_LocalPosition.x
      value: -0.14999998
      objectReference: {fileID: 0}
    - target: {fileID: 4213247520254764433, guid: 61e1f835841bbb54ba602c6bd1651834,
        type: 3}
      propertyPath: m_LocalPosition.y
      value: 0.8799999
      objectReference: {fileID: 0}
    - target: {fileID: 4213247520254764433, guid: 61e1f835841bbb54ba602c6bd1651834,
        type: 3}
      propertyPath: m_LocalPosition.z
      value: -0.01
      objectReference: {fileID: 0}
    - target: {fileID: 4213247520254764433, guid: 61e1f835841bbb54ba602c6bd1651834,
        type: 3}
      propertyPath: m_LocalRotation.w
      value: 1
      objectReference: {fileID: 0}
    - target: {fileID: 4213247520254764433, guid: 61e1f835841bbb54ba602c6bd1651834,
        type: 3}
      propertyPath: m_LocalRotation.x
      value: 0
      objectReference: {fileID: 0}
    - target: {fileID: 4213247520254764433, guid: 61e1f835841bbb54ba602c6bd1651834,
        type: 3}
      propertyPath: m_LocalRotation.y
      value: 0
      objectReference: {fileID: 0}
    - target: {fileID: 4213247520254764433, guid: 61e1f835841bbb54ba602c6bd1651834,
        type: 3}
      propertyPath: m_LocalRotation.z
      value: 0
      objectReference: {fileID: 0}
    - target: {fileID: 4213247520254764433, guid: 61e1f835841bbb54ba602c6bd1651834,
        type: 3}
      propertyPath: m_LocalEulerAnglesHint.x
      value: 0
      objectReference: {fileID: 0}
    - target: {fileID: 4213247520254764433, guid: 61e1f835841bbb54ba602c6bd1651834,
        type: 3}
      propertyPath: m_LocalEulerAnglesHint.y
      value: 0
      objectReference: {fileID: 0}
    - target: {fileID: 4213247520254764433, guid: 61e1f835841bbb54ba602c6bd1651834,
        type: 3}
      propertyPath: m_LocalEulerAnglesHint.z
      value: 0
      objectReference: {fileID: 0}
    - target: {fileID: 4213247520254764444, guid: 61e1f835841bbb54ba602c6bd1651834,
        type: 3}
      propertyPath: m_Name
      value: Gold Large (4)
      objectReference: {fileID: 0}
    m_RemovedComponents: []
  m_SourcePrefab: {fileID: 100100000, guid: 61e1f835841bbb54ba602c6bd1651834, type: 3}
--- !u!4 &6007385884395754152 stripped
Transform:
  m_CorrespondingSourceObject: {fileID: 4213247520254764433, guid: 61e1f835841bbb54ba602c6bd1651834,
    type: 3}
  m_PrefabInstance: {fileID: 7577011627288852281}
  m_PrefabAsset: {fileID: 0}
--- !u!1001 &7917178650689595454
PrefabInstance:
  m_ObjectHideFlags: 0
  serializedVersion: 2
  m_Modification:
    m_TransformParent: {fileID: 2660500783537930714}
    m_Modifications:
    - target: {fileID: 4213247520254764433, guid: 61e1f835841bbb54ba602c6bd1651834,
        type: 3}
      propertyPath: m_RootOrder
      value: 5
      objectReference: {fileID: 0}
    - target: {fileID: 4213247520254764433, guid: 61e1f835841bbb54ba602c6bd1651834,
        type: 3}
      propertyPath: m_LocalPosition.x
      value: 9.11
      objectReference: {fileID: 0}
    - target: {fileID: 4213247520254764433, guid: 61e1f835841bbb54ba602c6bd1651834,
        type: 3}
      propertyPath: m_LocalPosition.y
      value: 0.5999998
      objectReference: {fileID: 0}
    - target: {fileID: 4213247520254764433, guid: 61e1f835841bbb54ba602c6bd1651834,
        type: 3}
      propertyPath: m_LocalPosition.z
      value: -0.01
      objectReference: {fileID: 0}
    - target: {fileID: 4213247520254764433, guid: 61e1f835841bbb54ba602c6bd1651834,
        type: 3}
      propertyPath: m_LocalRotation.w
      value: 1
      objectReference: {fileID: 0}
    - target: {fileID: 4213247520254764433, guid: 61e1f835841bbb54ba602c6bd1651834,
        type: 3}
      propertyPath: m_LocalRotation.x
      value: 0
      objectReference: {fileID: 0}
    - target: {fileID: 4213247520254764433, guid: 61e1f835841bbb54ba602c6bd1651834,
        type: 3}
      propertyPath: m_LocalRotation.y
      value: 0
      objectReference: {fileID: 0}
    - target: {fileID: 4213247520254764433, guid: 61e1f835841bbb54ba602c6bd1651834,
        type: 3}
      propertyPath: m_LocalRotation.z
      value: 0
      objectReference: {fileID: 0}
    - target: {fileID: 4213247520254764433, guid: 61e1f835841bbb54ba602c6bd1651834,
        type: 3}
      propertyPath: m_LocalEulerAnglesHint.x
      value: 0
      objectReference: {fileID: 0}
    - target: {fileID: 4213247520254764433, guid: 61e1f835841bbb54ba602c6bd1651834,
        type: 3}
      propertyPath: m_LocalEulerAnglesHint.y
      value: 0
      objectReference: {fileID: 0}
    - target: {fileID: 4213247520254764433, guid: 61e1f835841bbb54ba602c6bd1651834,
        type: 3}
      propertyPath: m_LocalEulerAnglesHint.z
      value: 0
      objectReference: {fileID: 0}
    - target: {fileID: 4213247520254764444, guid: 61e1f835841bbb54ba602c6bd1651834,
        type: 3}
      propertyPath: m_Name
      value: Gold Large (3)
      objectReference: {fileID: 0}
    m_RemovedComponents: []
  m_SourcePrefab: {fileID: 100100000, guid: 61e1f835841bbb54ba602c6bd1651834, type: 3}
--- !u!4 &6316032692634537391 stripped
Transform:
  m_CorrespondingSourceObject: {fileID: 4213247520254764433, guid: 61e1f835841bbb54ba602c6bd1651834,
    type: 3}
  m_PrefabInstance: {fileID: 7917178650689595454}
  m_PrefabAsset: {fileID: 0}
--- !u!1001 &7917178650736837735
PrefabInstance:
  m_ObjectHideFlags: 0
  serializedVersion: 2
  m_Modification:
    m_TransformParent: {fileID: 2660500783537930714}
    m_Modifications:
    - target: {fileID: 7152995425394960164, guid: ee3a29fcbd218a642a0d142d6318360d,
        type: 3}
      propertyPath: m_Name
      value: Diamond Small (4)
      objectReference: {fileID: 0}
    - target: {fileID: 7152995425394960164, guid: ee3a29fcbd218a642a0d142d6318360d,
        type: 3}
      propertyPath: m_IsActive
      value: 1
      objectReference: {fileID: 0}
    - target: {fileID: 7152995425394960175, guid: ee3a29fcbd218a642a0d142d6318360d,
        type: 3}
      propertyPath: m_RootOrder
      value: 7
      objectReference: {fileID: 0}
    - target: {fileID: 7152995425394960175, guid: ee3a29fcbd218a642a0d142d6318360d,
        type: 3}
      propertyPath: m_LocalPosition.x
      value: 2.15
      objectReference: {fileID: 0}
    - target: {fileID: 7152995425394960175, guid: ee3a29fcbd218a642a0d142d6318360d,
        type: 3}
      propertyPath: m_LocalPosition.y
      value: -0.03
      objectReference: {fileID: 0}
    - target: {fileID: 7152995425394960175, guid: ee3a29fcbd218a642a0d142d6318360d,
        type: 3}
      propertyPath: m_LocalPosition.z
      value: -0.01
      objectReference: {fileID: 0}
    - target: {fileID: 7152995425394960175, guid: ee3a29fcbd218a642a0d142d6318360d,
        type: 3}
      propertyPath: m_LocalRotation.w
      value: 1
      objectReference: {fileID: 0}
    - target: {fileID: 7152995425394960175, guid: ee3a29fcbd218a642a0d142d6318360d,
        type: 3}
      propertyPath: m_LocalRotation.x
      value: -0
      objectReference: {fileID: 0}
    - target: {fileID: 7152995425394960175, guid: ee3a29fcbd218a642a0d142d6318360d,
        type: 3}
      propertyPath: m_LocalRotation.y
      value: -0
      objectReference: {fileID: 0}
    - target: {fileID: 7152995425394960175, guid: ee3a29fcbd218a642a0d142d6318360d,
        type: 3}
      propertyPath: m_LocalRotation.z
      value: -0
      objectReference: {fileID: 0}
    - target: {fileID: 7152995425394960175, guid: ee3a29fcbd218a642a0d142d6318360d,
        type: 3}
      propertyPath: m_LocalEulerAnglesHint.x
      value: 0
      objectReference: {fileID: 0}
    - target: {fileID: 7152995425394960175, guid: ee3a29fcbd218a642a0d142d6318360d,
        type: 3}
      propertyPath: m_LocalEulerAnglesHint.y
      value: 0
      objectReference: {fileID: 0}
    - target: {fileID: 7152995425394960175, guid: ee3a29fcbd218a642a0d142d6318360d,
        type: 3}
      propertyPath: m_LocalEulerAnglesHint.z
      value: 0
      objectReference: {fileID: 0}
    m_RemovedComponents: []
  m_SourcePrefab: {fileID: 100100000, guid: ee3a29fcbd218a642a0d142d6318360d, type: 3}
--- !u!4 &1052702642675966792 stripped
Transform:
  m_CorrespondingSourceObject: {fileID: 7152995425394960175, guid: ee3a29fcbd218a642a0d142d6318360d,
    type: 3}
  m_PrefabInstance: {fileID: 7917178650736837735}
  m_PrefabAsset: {fileID: 0}
--- !u!1001 &7917178650762966513
PrefabInstance:
  m_ObjectHideFlags: 0
  serializedVersion: 2
  m_Modification:
    m_TransformParent: {fileID: 2660500783537930714}
    m_Modifications:
    - target: {fileID: 4116627413283346390, guid: c5055a199086d4a46941e6bc2b3cb200,
        type: 3}
      propertyPath: m_RootOrder
      value: 3
      objectReference: {fileID: 0}
    - target: {fileID: 4116627413283346390, guid: c5055a199086d4a46941e6bc2b3cb200,
        type: 3}
      propertyPath: m_LocalPosition.x
      value: 6.84
      objectReference: {fileID: 0}
    - target: {fileID: 4116627413283346390, guid: c5055a199086d4a46941e6bc2b3cb200,
        type: 3}
      propertyPath: m_LocalPosition.y
      value: 2.04
      objectReference: {fileID: 0}
    - target: {fileID: 4116627413283346390, guid: c5055a199086d4a46941e6bc2b3cb200,
        type: 3}
      propertyPath: m_LocalPosition.z
      value: -0.01
      objectReference: {fileID: 0}
    - target: {fileID: 4116627413283346390, guid: c5055a199086d4a46941e6bc2b3cb200,
        type: 3}
      propertyPath: m_LocalRotation.w
      value: 1
      objectReference: {fileID: 0}
    - target: {fileID: 4116627413283346390, guid: c5055a199086d4a46941e6bc2b3cb200,
        type: 3}
      propertyPath: m_LocalRotation.x
      value: 0
      objectReference: {fileID: 0}
    - target: {fileID: 4116627413283346390, guid: c5055a199086d4a46941e6bc2b3cb200,
        type: 3}
      propertyPath: m_LocalRotation.y
      value: 0
      objectReference: {fileID: 0}
    - target: {fileID: 4116627413283346390, guid: c5055a199086d4a46941e6bc2b3cb200,
        type: 3}
      propertyPath: m_LocalRotation.z
      value: 0
      objectReference: {fileID: 0}
    - target: {fileID: 4116627413283346390, guid: c5055a199086d4a46941e6bc2b3cb200,
        type: 3}
      propertyPath: m_LocalEulerAnglesHint.x
      value: 0
      objectReference: {fileID: 0}
    - target: {fileID: 4116627413283346390, guid: c5055a199086d4a46941e6bc2b3cb200,
        type: 3}
      propertyPath: m_LocalEulerAnglesHint.y
      value: 0
      objectReference: {fileID: 0}
    - target: {fileID: 4116627413283346390, guid: c5055a199086d4a46941e6bc2b3cb200,
        type: 3}
      propertyPath: m_LocalEulerAnglesHint.z
      value: 0
      objectReference: {fileID: 0}
    - target: {fileID: 4116627413283346395, guid: c5055a199086d4a46941e6bc2b3cb200,
        type: 3}
      propertyPath: m_Name
      value: Gold Small (5)
      objectReference: {fileID: 0}
    m_RemovedComponents: []
  m_SourcePrefab: {fileID: 100100000, guid: c5055a199086d4a46941e6bc2b3cb200, type: 3}
--- !u!4 &6124414849866523175 stripped
Transform:
  m_CorrespondingSourceObject: {fileID: 4116627413283346390, guid: c5055a199086d4a46941e6bc2b3cb200,
    type: 3}
  m_PrefabInstance: {fileID: 7917178650762966513}
  m_PrefabAsset: {fileID: 0}
--- !u!1001 &7917178651470358330
PrefabInstance:
  m_ObjectHideFlags: 0
  serializedVersion: 2
  m_Modification:
    m_TransformParent: {fileID: 2660500783537930714}
    m_Modifications:
    - target: {fileID: 6268603993516446372, guid: 2e7ba0eb5d8ff194585116b0af65fb41,
        type: 3}
      propertyPath: m_Name
      value: Stone Small
      objectReference: {fileID: 0}
    - target: {fileID: 6268603993516446377, guid: 2e7ba0eb5d8ff194585116b0af65fb41,
        type: 3}
      propertyPath: m_RootOrder
      value: 1
      objectReference: {fileID: 0}
    - target: {fileID: 6268603993516446377, guid: 2e7ba0eb5d8ff194585116b0af65fb41,
        type: 3}
      propertyPath: m_LocalPosition.x
      value: 2.71
      objectReference: {fileID: 0}
    - target: {fileID: 6268603993516446377, guid: 2e7ba0eb5d8ff194585116b0af65fb41,
        type: 3}
      propertyPath: m_LocalPosition.y
      value: 1.3599999
      objectReference: {fileID: 0}
    - target: {fileID: 6268603993516446377, guid: 2e7ba0eb5d8ff194585116b0af65fb41,
        type: 3}
      propertyPath: m_LocalPosition.z
      value: -0.01
      objectReference: {fileID: 0}
    - target: {fileID: 6268603993516446377, guid: 2e7ba0eb5d8ff194585116b0af65fb41,
        type: 3}
      propertyPath: m_LocalRotation.w
      value: 1
      objectReference: {fileID: 0}
    - target: {fileID: 6268603993516446377, guid: 2e7ba0eb5d8ff194585116b0af65fb41,
        type: 3}
      propertyPath: m_LocalRotation.x
      value: 0
      objectReference: {fileID: 0}
    - target: {fileID: 6268603993516446377, guid: 2e7ba0eb5d8ff194585116b0af65fb41,
        type: 3}
      propertyPath: m_LocalRotation.y
      value: 0
      objectReference: {fileID: 0}
    - target: {fileID: 6268603993516446377, guid: 2e7ba0eb5d8ff194585116b0af65fb41,
        type: 3}
      propertyPath: m_LocalRotation.z
      value: 0
      objectReference: {fileID: 0}
    - target: {fileID: 6268603993516446377, guid: 2e7ba0eb5d8ff194585116b0af65fb41,
        type: 3}
      propertyPath: m_LocalEulerAnglesHint.x
      value: 0
      objectReference: {fileID: 0}
    - target: {fileID: 6268603993516446377, guid: 2e7ba0eb5d8ff194585116b0af65fb41,
        type: 3}
      propertyPath: m_LocalEulerAnglesHint.y
      value: 0
      objectReference: {fileID: 0}
    - target: {fileID: 6268603993516446377, guid: 2e7ba0eb5d8ff194585116b0af65fb41,
        type: 3}
      propertyPath: m_LocalEulerAnglesHint.z
      value: 0
      objectReference: {fileID: 0}
    m_RemovedComponents: []
  m_SourcePrefab: {fileID: 100100000, guid: 2e7ba0eb5d8ff194585116b0af65fb41, type: 3}
--- !u!4 &4260957304454051219 stripped
Transform:
  m_CorrespondingSourceObject: {fileID: 6268603993516446377, guid: 2e7ba0eb5d8ff194585116b0af65fb41,
    type: 3}
  m_PrefabInstance: {fileID: 7917178651470358330}
  m_PrefabAsset: {fileID: 0}
--- !u!1001 &7917178651682348275
PrefabInstance:
  m_ObjectHideFlags: 0
  serializedVersion: 2
  m_Modification:
    m_TransformParent: {fileID: 2660500783537930714}
    m_Modifications:
    - target: {fileID: 2977712226111650403, guid: 088332f981ce5fe41ad2f639e8dc6330,
        type: 3}
      propertyPath: m_Name
      value: Stone Large
      objectReference: {fileID: 0}
    - target: {fileID: 2977712226111650414, guid: 088332f981ce5fe41ad2f639e8dc6330,
        type: 3}
      propertyPath: m_RootOrder
      value: 0
      objectReference: {fileID: 0}
    - target: {fileID: 2977712226111650414, guid: 088332f981ce5fe41ad2f639e8dc6330,
        type: 3}
      propertyPath: m_LocalPosition.x
      value: 5.2
      objectReference: {fileID: 0}
    - target: {fileID: 2977712226111650414, guid: 088332f981ce5fe41ad2f639e8dc6330,
        type: 3}
      propertyPath: m_LocalPosition.y
      value: -0.08000016
      objectReference: {fileID: 0}
    - target: {fileID: 2977712226111650414, guid: 088332f981ce5fe41ad2f639e8dc6330,
        type: 3}
      propertyPath: m_LocalPosition.z
      value: -0.01
      objectReference: {fileID: 0}
    - target: {fileID: 2977712226111650414, guid: 088332f981ce5fe41ad2f639e8dc6330,
        type: 3}
      propertyPath: m_LocalRotation.w
      value: 1
      objectReference: {fileID: 0}
    - target: {fileID: 2977712226111650414, guid: 088332f981ce5fe41ad2f639e8dc6330,
        type: 3}
      propertyPath: m_LocalRotation.x
      value: 0
      objectReference: {fileID: 0}
    - target: {fileID: 2977712226111650414, guid: 088332f981ce5fe41ad2f639e8dc6330,
        type: 3}
      propertyPath: m_LocalRotation.y
      value: 0
      objectReference: {fileID: 0}
    - target: {fileID: 2977712226111650414, guid: 088332f981ce5fe41ad2f639e8dc6330,
        type: 3}
      propertyPath: m_LocalRotation.z
      value: 0
      objectReference: {fileID: 0}
    - target: {fileID: 2977712226111650414, guid: 088332f981ce5fe41ad2f639e8dc6330,
        type: 3}
      propertyPath: m_LocalEulerAnglesHint.x
      value: 0
      objectReference: {fileID: 0}
    - target: {fileID: 2977712226111650414, guid: 088332f981ce5fe41ad2f639e8dc6330,
        type: 3}
      propertyPath: m_LocalEulerAnglesHint.y
      value: 0
      objectReference: {fileID: 0}
    - target: {fileID: 2977712226111650414, guid: 088332f981ce5fe41ad2f639e8dc6330,
        type: 3}
      propertyPath: m_LocalEulerAnglesHint.z
      value: 0
      objectReference: {fileID: 0}
    m_RemovedComponents: []
  m_SourcePrefab: {fileID: 100100000, guid: 088332f981ce5fe41ad2f639e8dc6330, type: 3}
--- !u!4 &4939759910086633117 stripped
Transform:
  m_CorrespondingSourceObject: {fileID: 2977712226111650414, guid: 088332f981ce5fe41ad2f639e8dc6330,
    type: 3}
  m_PrefabInstance: {fileID: 7917178651682348275}
  m_PrefabAsset: {fileID: 0}
--- !u!1001 &7917178651816629043
PrefabInstance:
  m_ObjectHideFlags: 0
  serializedVersion: 2
  m_Modification:
    m_TransformParent: {fileID: 2660500783537930714}
    m_Modifications:
    - target: {fileID: 4213247520254764433, guid: 61e1f835841bbb54ba602c6bd1651834,
        type: 3}
      propertyPath: m_RootOrder
      value: 4
      objectReference: {fileID: 0}
    - target: {fileID: 4213247520254764433, guid: 61e1f835841bbb54ba602c6bd1651834,
        type: 3}
      propertyPath: m_LocalPosition.x
      value: 2.43
      objectReference: {fileID: 0}
    - target: {fileID: 4213247520254764433, guid: 61e1f835841bbb54ba602c6bd1651834,
        type: 3}
      propertyPath: m_LocalPosition.y
      value: 2.8899996
      objectReference: {fileID: 0}
    - target: {fileID: 4213247520254764433, guid: 61e1f835841bbb54ba602c6bd1651834,
        type: 3}
      propertyPath: m_LocalPosition.z
      value: -0.01
      objectReference: {fileID: 0}
    - target: {fileID: 4213247520254764433, guid: 61e1f835841bbb54ba602c6bd1651834,
        type: 3}
      propertyPath: m_LocalRotation.w
      value: 1
      objectReference: {fileID: 0}
    - target: {fileID: 4213247520254764433, guid: 61e1f835841bbb54ba602c6bd1651834,
        type: 3}
      propertyPath: m_LocalRotation.x
      value: 0
      objectReference: {fileID: 0}
    - target: {fileID: 4213247520254764433, guid: 61e1f835841bbb54ba602c6bd1651834,
        type: 3}
      propertyPath: m_LocalRotation.y
      value: 0
      objectReference: {fileID: 0}
    - target: {fileID: 4213247520254764433, guid: 61e1f835841bbb54ba602c6bd1651834,
        type: 3}
      propertyPath: m_LocalRotation.z
      value: 0
      objectReference: {fileID: 0}
    - target: {fileID: 4213247520254764433, guid: 61e1f835841bbb54ba602c6bd1651834,
        type: 3}
      propertyPath: m_LocalEulerAnglesHint.x
      value: 0
      objectReference: {fileID: 0}
    - target: {fileID: 4213247520254764433, guid: 61e1f835841bbb54ba602c6bd1651834,
        type: 3}
      propertyPath: m_LocalEulerAnglesHint.y
      value: 0
      objectReference: {fileID: 0}
    - target: {fileID: 4213247520254764433, guid: 61e1f835841bbb54ba602c6bd1651834,
        type: 3}
      propertyPath: m_LocalEulerAnglesHint.z
      value: 0
      objectReference: {fileID: 0}
    - target: {fileID: 4213247520254764444, guid: 61e1f835841bbb54ba602c6bd1651834,
        type: 3}
      propertyPath: m_Name
      value: Gold Large (2)
      objectReference: {fileID: 0}
    m_RemovedComponents: []
  m_SourcePrefab: {fileID: 100100000, guid: 61e1f835841bbb54ba602c6bd1651834, type: 3}
--- !u!4 &6316032693792585378 stripped
Transform:
  m_CorrespondingSourceObject: {fileID: 4213247520254764433, guid: 61e1f835841bbb54ba602c6bd1651834,
    type: 3}
  m_PrefabInstance: {fileID: 7917178651816629043}
  m_PrefabAsset: {fileID: 0}
--- !u!1001 &7917178651996916735
PrefabInstance:
  m_ObjectHideFlags: 0
  serializedVersion: 2
  m_Modification:
    m_TransformParent: {fileID: 2660500783537930714}
    m_Modifications:
    - target: {fileID: 4116627413283346390, guid: c5055a199086d4a46941e6bc2b3cb200,
        type: 3}
      propertyPath: m_RootOrder
      value: 2
      objectReference: {fileID: 0}
    - target: {fileID: 4116627413283346390, guid: c5055a199086d4a46941e6bc2b3cb200,
        type: 3}
      propertyPath: m_LocalPosition.x
      value: 11.57
      objectReference: {fileID: 0}
    - target: {fileID: 4116627413283346390, guid: c5055a199086d4a46941e6bc2b3cb200,
        type: 3}
      propertyPath: m_LocalPosition.y
      value: 2.38
      objectReference: {fileID: 0}
    - target: {fileID: 4116627413283346390, guid: c5055a199086d4a46941e6bc2b3cb200,
        type: 3}
      propertyPath: m_LocalPosition.z
      value: -0.01
      objectReference: {fileID: 0}
    - target: {fileID: 4116627413283346390, guid: c5055a199086d4a46941e6bc2b3cb200,
        type: 3}
      propertyPath: m_LocalRotation.w
      value: 1
      objectReference: {fileID: 0}
    - target: {fileID: 4116627413283346390, guid: c5055a199086d4a46941e6bc2b3cb200,
        type: 3}
      propertyPath: m_LocalRotation.x
      value: 0
      objectReference: {fileID: 0}
    - target: {fileID: 4116627413283346390, guid: c5055a199086d4a46941e6bc2b3cb200,
        type: 3}
      propertyPath: m_LocalRotation.y
      value: 0
      objectReference: {fileID: 0}
    - target: {fileID: 4116627413283346390, guid: c5055a199086d4a46941e6bc2b3cb200,
        type: 3}
      propertyPath: m_LocalRotation.z
      value: 0
      objectReference: {fileID: 0}
    - target: {fileID: 4116627413283346390, guid: c5055a199086d4a46941e6bc2b3cb200,
        type: 3}
      propertyPath: m_LocalEulerAnglesHint.x
      value: 0
      objectReference: {fileID: 0}
    - target: {fileID: 4116627413283346390, guid: c5055a199086d4a46941e6bc2b3cb200,
        type: 3}
      propertyPath: m_LocalEulerAnglesHint.y
      value: 0
      objectReference: {fileID: 0}
    - target: {fileID: 4116627413283346390, guid: c5055a199086d4a46941e6bc2b3cb200,
        type: 3}
      propertyPath: m_LocalEulerAnglesHint.z
      value: 0
      objectReference: {fileID: 0}
    - target: {fileID: 4116627413283346395, guid: c5055a199086d4a46941e6bc2b3cb200,
        type: 3}
      propertyPath: m_Name
      value: Gold Small (1)
      objectReference: {fileID: 0}
    m_RemovedComponents: []
  m_SourcePrefab: {fileID: 100100000, guid: c5055a199086d4a46941e6bc2b3cb200, type: 3}
--- !u!4 &6124414848382442537 stripped
Transform:
  m_CorrespondingSourceObject: {fileID: 4116627413283346390, guid: c5055a199086d4a46941e6bc2b3cb200,
    type: 3}
  m_PrefabInstance: {fileID: 7917178651996916735}
  m_PrefabAsset: {fileID: 0}
--- !u!1001 &8028491876294018651
PrefabInstance:
  m_ObjectHideFlags: 0
  serializedVersion: 2
  m_Modification:
    m_TransformParent: {fileID: 2660500783537930714}
    m_Modifications:
    - target: {fileID: 6268603993516446372, guid: 2e7ba0eb5d8ff194585116b0af65fb41,
        type: 3}
      propertyPath: m_Name
      value: Stone Small (1)
      objectReference: {fileID: 0}
    - target: {fileID: 6268603993516446377, guid: 2e7ba0eb5d8ff194585116b0af65fb41,
        type: 3}
      propertyPath: m_RootOrder
      value: 9
      objectReference: {fileID: 0}
    - target: {fileID: 6268603993516446377, guid: 2e7ba0eb5d8ff194585116b0af65fb41,
        type: 3}
      propertyPath: m_LocalPosition.x
      value: 0.13000011
      objectReference: {fileID: 0}
    - target: {fileID: 6268603993516446377, guid: 2e7ba0eb5d8ff194585116b0af65fb41,
        type: 3}
      propertyPath: m_LocalPosition.y
      value: -0.64999986
      objectReference: {fileID: 0}
    - target: {fileID: 6268603993516446377, guid: 2e7ba0eb5d8ff194585116b0af65fb41,
        type: 3}
      propertyPath: m_LocalPosition.z
      value: -0.01
      objectReference: {fileID: 0}
    - target: {fileID: 6268603993516446377, guid: 2e7ba0eb5d8ff194585116b0af65fb41,
        type: 3}
      propertyPath: m_LocalRotation.w
      value: 1
      objectReference: {fileID: 0}
    - target: {fileID: 6268603993516446377, guid: 2e7ba0eb5d8ff194585116b0af65fb41,
        type: 3}
      propertyPath: m_LocalRotation.x
      value: 0
      objectReference: {fileID: 0}
    - target: {fileID: 6268603993516446377, guid: 2e7ba0eb5d8ff194585116b0af65fb41,
        type: 3}
      propertyPath: m_LocalRotation.y
      value: 0
      objectReference: {fileID: 0}
    - target: {fileID: 6268603993516446377, guid: 2e7ba0eb5d8ff194585116b0af65fb41,
        type: 3}
      propertyPath: m_LocalRotation.z
      value: 0
      objectReference: {fileID: 0}
    - target: {fileID: 6268603993516446377, guid: 2e7ba0eb5d8ff194585116b0af65fb41,
        type: 3}
      propertyPath: m_LocalEulerAnglesHint.x
      value: 0
      objectReference: {fileID: 0}
    - target: {fileID: 6268603993516446377, guid: 2e7ba0eb5d8ff194585116b0af65fb41,
        type: 3}
      propertyPath: m_LocalEulerAnglesHint.y
      value: 0
      objectReference: {fileID: 0}
    - target: {fileID: 6268603993516446377, guid: 2e7ba0eb5d8ff194585116b0af65fb41,
        type: 3}
      propertyPath: m_LocalEulerAnglesHint.z
      value: 0
      objectReference: {fileID: 0}
    m_RemovedComponents: []
  m_SourcePrefab: {fileID: 100100000, guid: 2e7ba0eb5d8ff194585116b0af65fb41, type: 3}
--- !u!4 &4149047593516258546 stripped
Transform:
  m_CorrespondingSourceObject: {fileID: 6268603993516446377, guid: 2e7ba0eb5d8ff194585116b0af65fb41,
    type: 3}
  m_PrefabInstance: {fileID: 8028491876294018651}
  m_PrefabAsset: {fileID: 0}
--- !u!1001 &8101428406530400477
PrefabInstance:
  m_ObjectHideFlags: 0
  serializedVersion: 2
  m_Modification:
    m_TransformParent: {fileID: 2660500783537930714}
    m_Modifications:
    - target: {fileID: 4073309018958062345, guid: 7d49494c5c206d94abc52a1cbf80600c,
        type: 3}
      propertyPath: m_ClipDie
      value: 
      objectReference: {fileID: 8300000, guid: 1517d8a5e5c1e234bb6d3e1a82a79393, type: 3}
    - target: {fileID: 4073309018958062345, guid: 7d49494c5c206d94abc52a1cbf80600c,
        type: 3}
      propertyPath: m_ClipMove
      value: 
      objectReference: {fileID: 8300000, guid: d6607de2e15d4c04093848e3280206e5, type: 3}
    - target: {fileID: 4073309018958062345, guid: 7d49494c5c206d94abc52a1cbf80600c,
        type: 3}
      propertyPath: m_ClipAppear
      value: 
      objectReference: {fileID: 8300000, guid: 6c9a6c13646702540a47162b707e49c2, type: 3}
    - target: {fileID: 4073309018958062345, guid: 7d49494c5c206d94abc52a1cbf80600c,
        type: 3}
      propertyPath: rewards.Array.size
      value: 4
      objectReference: {fileID: 0}
    - target: {fileID: 4073309018958062345, guid: 7d49494c5c206d94abc52a1cbf80600c,
        type: 3}
      propertyPath: rewards.Array.data[3].drop
      value: 69
      objectReference: {fileID: 0}
    - target: {fileID: 4073309018958062580, guid: 7d49494c5c206d94abc52a1cbf80600c,
        type: 3}
      propertyPath: m_Name
      value: Boss Crocodile
      objectReference: {fileID: 0}
    - target: {fileID: 4073309018958062583, guid: 7d49494c5c206d94abc52a1cbf80600c,
        type: 3}
      propertyPath: m_RootOrder
      value: 16
      objectReference: {fileID: 0}
    - target: {fileID: 4073309018958062583, guid: 7d49494c5c206d94abc52a1cbf80600c,
        type: 3}
      propertyPath: m_LocalPosition.x
      value: 1.58
      objectReference: {fileID: 0}
    - target: {fileID: 4073309018958062583, guid: 7d49494c5c206d94abc52a1cbf80600c,
        type: 3}
      propertyPath: m_LocalPosition.y
      value: 0.43
      objectReference: {fileID: 0}
    - target: {fileID: 4073309018958062583, guid: 7d49494c5c206d94abc52a1cbf80600c,
        type: 3}
      propertyPath: m_LocalPosition.z
      value: -0.01
      objectReference: {fileID: 0}
    - target: {fileID: 4073309018958062583, guid: 7d49494c5c206d94abc52a1cbf80600c,
        type: 3}
      propertyPath: m_LocalRotation.w
      value: 1
      objectReference: {fileID: 0}
    - target: {fileID: 4073309018958062583, guid: 7d49494c5c206d94abc52a1cbf80600c,
        type: 3}
      propertyPath: m_LocalRotation.x
      value: 0
      objectReference: {fileID: 0}
    - target: {fileID: 4073309018958062583, guid: 7d49494c5c206d94abc52a1cbf80600c,
        type: 3}
      propertyPath: m_LocalRotation.y
      value: 0
      objectReference: {fileID: 0}
    - target: {fileID: 4073309018958062583, guid: 7d49494c5c206d94abc52a1cbf80600c,
        type: 3}
      propertyPath: m_LocalRotation.z
      value: 0
      objectReference: {fileID: 0}
    - target: {fileID: 4073309018958062583, guid: 7d49494c5c206d94abc52a1cbf80600c,
        type: 3}
      propertyPath: m_LocalEulerAnglesHint.x
      value: 0
      objectReference: {fileID: 0}
    - target: {fileID: 4073309018958062583, guid: 7d49494c5c206d94abc52a1cbf80600c,
        type: 3}
      propertyPath: m_LocalEulerAnglesHint.y
      value: 0
      objectReference: {fileID: 0}
    - target: {fileID: 4073309018958062583, guid: 7d49494c5c206d94abc52a1cbf80600c,
        type: 3}
      propertyPath: m_LocalEulerAnglesHint.z
      value: 0
      objectReference: {fileID: 0}
    m_RemovedComponents: []
  m_SourcePrefab: {fileID: 100100000, guid: 7d49494c5c206d94abc52a1cbf80600c, type: 3}
--- !u!4 &5253803896188633898 stripped
Transform:
  m_CorrespondingSourceObject: {fileID: 4073309018958062583, guid: 7d49494c5c206d94abc52a1cbf80600c,
    type: 3}
  m_PrefabInstance: {fileID: 8101428406530400477}
  m_PrefabAsset: {fileID: 0}
--- !u!1001 &8248056916513924405
PrefabInstance:
  m_ObjectHideFlags: 0
  serializedVersion: 2
  m_Modification:
    m_TransformParent: {fileID: 2660500783537930714}
    m_Modifications:
    - target: {fileID: 4213247520254764433, guid: 61e1f835841bbb54ba602c6bd1651834,
        type: 3}
      propertyPath: m_RootOrder
      value: 13
      objectReference: {fileID: 0}
    - target: {fileID: 4213247520254764433, guid: 61e1f835841bbb54ba602c6bd1651834,
        type: 3}
      propertyPath: m_LocalPosition.x
      value: -4.96
      objectReference: {fileID: 0}
    - target: {fileID: 4213247520254764433, guid: 61e1f835841bbb54ba602c6bd1651834,
        type: 3}
      propertyPath: m_LocalPosition.y
      value: -1.2800002
      objectReference: {fileID: 0}
    - target: {fileID: 4213247520254764433, guid: 61e1f835841bbb54ba602c6bd1651834,
        type: 3}
      propertyPath: m_LocalPosition.z
      value: -0.01
      objectReference: {fileID: 0}
    - target: {fileID: 4213247520254764433, guid: 61e1f835841bbb54ba602c6bd1651834,
        type: 3}
      propertyPath: m_LocalRotation.w
      value: 1
      objectReference: {fileID: 0}
    - target: {fileID: 4213247520254764433, guid: 61e1f835841bbb54ba602c6bd1651834,
        type: 3}
      propertyPath: m_LocalRotation.x
      value: 0
      objectReference: {fileID: 0}
    - target: {fileID: 4213247520254764433, guid: 61e1f835841bbb54ba602c6bd1651834,
        type: 3}
      propertyPath: m_LocalRotation.y
      value: 0
      objectReference: {fileID: 0}
    - target: {fileID: 4213247520254764433, guid: 61e1f835841bbb54ba602c6bd1651834,
        type: 3}
      propertyPath: m_LocalRotation.z
      value: 0
      objectReference: {fileID: 0}
    - target: {fileID: 4213247520254764433, guid: 61e1f835841bbb54ba602c6bd1651834,
        type: 3}
      propertyPath: m_LocalEulerAnglesHint.x
      value: 0
      objectReference: {fileID: 0}
    - target: {fileID: 4213247520254764433, guid: 61e1f835841bbb54ba602c6bd1651834,
        type: 3}
      propertyPath: m_LocalEulerAnglesHint.y
      value: 0
      objectReference: {fileID: 0}
    - target: {fileID: 4213247520254764433, guid: 61e1f835841bbb54ba602c6bd1651834,
        type: 3}
      propertyPath: m_LocalEulerAnglesHint.z
      value: 0
      objectReference: {fileID: 0}
    - target: {fileID: 4213247520254764444, guid: 61e1f835841bbb54ba602c6bd1651834,
        type: 3}
      propertyPath: m_Name
      value: Gold Large (5)
      objectReference: {fileID: 0}
    m_RemovedComponents: []
  m_SourcePrefab: {fileID: 100100000, guid: 61e1f835841bbb54ba602c6bd1651834, type: 3}
--- !u!4 &5192239551494520996 stripped
Transform:
  m_CorrespondingSourceObject: {fileID: 4213247520254764433, guid: 61e1f835841bbb54ba602c6bd1651834,
    type: 3}
  m_PrefabInstance: {fileID: 8248056916513924405}
  m_PrefabAsset: {fileID: 0}
